1612 3150
201 49 265 74 ..ωυ
277 31 352 74 aurius
364 29 461 82 Atticus,
478 25 553 88 specui

20 107 87 137 „num
99 92 196 152 gladium
209 100 330 144 ostentans,
346 94 443 138 occisum
452 107 464 137 a
473 107 497 138 ae
506 90 559 137 Oth‹

21 155 138 201 clamavitr
157 165 180 203 et
199 157 280 212 Galba,
295 163 309 184 ‘¹
322 155 477 211 Commilito‚”
500 155 560 216 inqui

20 218 101 266 rasit?”
119 221 202 283 insigni
213 222 288 267 animo
299 222 327 267 nd
342 221 486 267 coercendam
498 220 568 266 milita

20 285 95 337 utiam,
112 285 247 331 minantibus
259 286 387 346 intrepidus,
399 286 505 332 adversus
514 285 574 331 bian-

21 357 159 409 neorruptua.

20 411 73 459 [Vl.
98 412 167 460 Haud
185 415 257 462 dubiae
271 415 319 477 jam
339 415 362 461 in
381 416 460 461 castrir
478 415 578 460 omnium

38 485 156 539 tantusque
167 480 240 536 ardor,
258 488 337 525 utnon
348 480 447 526 contenti
457 480 547 541 agmine
555 486 578 525 et

20 557 52 596 uo,
69 543 92 588 in
111 552 227 605 suggestu,
244 544 268 589 in
287 559 331 604 quo
350 544 417 605 paulo
438 554 491 589 ante
513 557 580 590 aurea

20 614 89 654 statua
99 607 177 662 fuerat,
193 608 290 654 medium
308 609 367 654 inter
382 609 447 669 aigne
464 608 578 655 Othonem

23 672 182 719 ircumdarent.
204 672 256 719 Nec
267 673 360 719 tribunis
369 680 407 718 aut
415 673 580 719 centurionibus

29 736 104 782 loeus:
123 737 240 799 gregarius
256 737 320 784 rnilea
335 738 408 784 caveri
419 739 509 798 insuper
519 751 579 799 prae·

34 802 111 848 rbebat.
144 802 248 863 strepere
264 809 345 848 cuncta
359 801 491 848 clamoribus
505 810 528 848 et
542 809 580 848 tu·

48 866 202 913 exhortatione
218 865 304 920 mutui,
319 882 365 912 non
380 874 492 928 tamquam
504 866 527 912 in
538 882 579 928 po-

43 930 95 985 iebe‚
112 932 179 977 variis
194 932 258 992 segni
275 931 401 977 adulatione
418 932 515 984 vocibus,
533 932 578 987 aed,

50 1010 70 1041 re
87 994 224 1042 affluentium
235 995 330 1042 miiitum
341 996 495 1057 adspexerant,
511 1010 578 1056 pren·

55 1074 87 1114 us,
99 1061 215 1122 complecti
224 1060 296 1114 armis,
304 1060 489 1123 collocareJ'uxta,
500 1061 580 1121 praeire

60 1139 89 1179 m,
96 1125 163 1170 modo
174 1125 329 1186 imperatorem
335 1125 447 1178 militibus,
459 1124 526 1170 modo
536 1125 579 1170 im·

64 1188 103 1234 tes
114 1189 276 1235 commendare.
304 1187 355 1235 Nec
363 1189 439 1235 deerat
446 1187 515 1243 Otho,
527 1204 579 1251 pro·

70 1269 118 1310 nna,
141 1254 232 1299 adorare
250 1253 352 1314 vulgum,
363 1255 440 1316 jacere
457 1253 540 1308 oscula,
557 1261 580 1300 et

74 1317 122 1363 iiter
139 1333 179 1380 pro
197 1319 353 1364 dominatione.
387 1317 508 1377 Postquam
529 1319 579 1362 uni-

81 1397 140 1428 omm
160 1383 220 1444 iegio
236 1390 397 1428 sacramentnm
430 1384 435 1394 ·
