1612 3150
157 39 328 97 speculatorum,
335 44 359 83 et
366 39 491 91 Veturium,
499 39 611 97 optionem
620 52 667 82 sorr

157 100 241 153 ductos,
252 109 370 161 postquam
385 103 446 147 vario
462 117 564 147 sermone
577 101 667 146 callidos

157 165 269 225 cognovit,
281 165 352 224 pretio
362 173 386 211 et
395 166 510 226 promissis
526 172 610 219 onerat.
621 163 668 211 dati

158 230 313 291 pertentandos
323 230 418 291 plurium
429 231 522 275 animos.
556 227 668 290 Suscepit·

158 295 244 355 pulares
251 295 368 355 imperinm
376 310 427 356 pop.
434 294 501 340 Rom.
509 294 667 340 transferendo

158 360 261 405 tulerunt.
294 357 321 403 In
341 360 500 404 conscientiam
516 358 620 405 facinoris
639 373 666 419 pa

158 438 276 484 suspensos
286 432 419 469 eaeterorum
430 423 516 469 animos
531 423 623 468 diversis
638 434 668 468 art

158 488 215 534 tant:
234 488 341 548 primores
356 489 458 541 militum,
469 502 508 547 per
522 486 628 533 beneficia
641 485 665 532 N

158 560 283 613 suspectos:
303 552 385 613 vulgus
395 560 417 598 et
428 560 528 605 emissos,
540 549 573 597 irai
583 564 606 597 et
616 551 668 613 desp

158 617 194 662 iati
205 618 271 662 toties
283 616 394 662 donativi:
414 624 483 670 erant,
495 631 551 677 qnos
561 617 668 662 memoria

158 682 287 727 desiderium
299 681 378 742 prioris
387 681 483 728 licentiae
497 682 639 727 accenderet:
659 681 666 725 i

158 761 232 792 omnes
243 754 305 791 metu
316 746 428 792 mutandas
439 745 524 791 militiae
535 745 668 792 terrebantur

188 808 283 857 xxvl.
301 808 382 857 Infecit
392 826 418 857 ea
429 811 490 856 tabes
498 811 611 871 legionum
620 827 668 871 quoi

158 875 233 920 iiorunr
246 883 317 922 motas
327 877 375 937 jum
391 882 483 928 mentes,
495 883 611 937 postquam
625 874 668 936 vulp

158 940 226 987 abore
246 941 374 987 Germanici
395 941 505 987 exercitus
524 939 603 986 fidem:
623 941 668 985 ade<

158 1004 212 1063 rpud
223 1005 293 1050 malos
304 1005 389 1058 seditio,
400 1007 467 1051 etiam
482 1006 540 1066 apud
554 1005 668 1066 integros«

158 1067 201 1121 z'uit,
214 1078 238 1115 ut
248 1078 337 1130 postero
348 1068 430 1115 Iduum
445 1071 481 1116 die
497 1071 626 1115 redeuntem
637 1083 668 1115 a(

158 1147 205 1178 nem
217 1135 300 1193 rapturi
311 1134 399 1187 fuerint,
412 1135 454 1179 nisi
465 1135 550 1180 incerta
563 1134 642 1186 noctis,
653 1148 666 1178 e

158 1212 229 1257 sparsa
243 1198 337 1244 militum
354 1207 432 1251 castra,
443 1214 485 1244 nec
500 1197 588 1244 facilem
605 1199 662 1242 inter

158 1276 293 1316 mnsensum,
308 1262 447 1318 timuissent;
466 1277 510 1308 non
525 1260 668 1322 reipublicae

159 1324 237 1371 'oedm
247 1326 351 1387 principis
360 1327 394 1372 sui
402 1327 511 1401 sanguine
519 1327 586 1372 sobrii
597 1327 668 1402 parabi

159 1398 248 1422 mom
249 1391 299 1422 mi
336 1398 390 1422 ιι.ι
457 1390 610 1422 ιιὶιιὶβιιιιιιι...
628 1390 662 1421 mi
