1612 3150
540 21 617 45 tumst·
649 16 678 44 Ui

147 65 247 117 tendum,
269 71 301 117 ut
321 77 371 109 com
348 36 452 109 insitis
455 29 557 120 custiis,
572 61 671 109 iorum
665 79 680 111 ιι

145 134 303 192 psoepeetunte
314 78 557 204 ΘιΙδῒῦιρίιοΙίιιιιι
550 127 628 174 udent-
642 128 681 174 dus

147 195 274 255 Imperator,
283 206 334 238 cum
344 190 440 238 fortibus
451 192 552 253 amicinJ
546 190 612 238 anui
622 207 648 239 sn
659 193 682 238 lis

148 258 239 305 domum
251 256 326 312 cludit,
338 256 474 302 obsidionem
486 257 590 302 nimirum
602 257 682 303 tolerat

149 321 303 385 praecisrum'
297 334 321 366 m
342 321 413 366 servis
432 320 545 375 auxilium,
562 321 581 367 si
600 335 683 367 consen

150 386 302 439 multitudinis,
319 392 348 438 et,
366 399 417 445 quae
432 385 551 446 plurimum
565 385 632 439 valet,
648 386 687 446 prii

152 453 210 498 ustio
226 451 377 512 elanguescat.
410 448 508 495 Proinde
523 450 602 504 intutu,
619 464 671 509 quae

153 516 192 569 sel,
210 516 228 562 si
244 515 323 561 cudere
341 521 434 560 necesse
450 514 485 567 sit,
502 514 663 560 occurrendum
682 528 690 558 ι

154 578 177 626 [d
197 578 282 626 Othoni
300 578 439 633 invidiosius,
456 588 479 624 et
492 578 545 638 ipsis
556 579 683 624 honestum.

156 654 240 691 mntem
257 643 308 689 huic
326 642 443 689 sententiae
460 641 554 687 Vinium
572 641 635 688 Laco
649 642 693 688 min

158 710 214 761 nsit,
238 707 366 754 stimulante
388 703 456 761 Icelo,
480 705 560 768 privati
579 707 623 754 odii
644 715 694 769 pert

159 770 261 819 sublinunt
271 772 372 817 exitium.

183 833 306 883 XXXIV.
323 834 374 881 Nec
389 835 473 882 diutius
493 835 566 883 Gsibu
582 843 697 884 cunetstus

162 903 208 948 tom
219 899 361 948 suadentibus
368 900 467 946 accessit.
499 900 634 949 Praemissus
644 910 699 949 tssns

163 980 185 1013 rs
198 962 257 1020 Piso,
275 973 300 1010 ut
310 964 397 1022 iuvenis
413 978 498 1026 msguo
512 966 609 1021 nomine,
627 966 700 1013 iecent

165 1040 174 1078 t
185 1014 324 1077 iniensus'i'.
337 1027 414 1083 Vinio,
428 1045 470 1076 seu
481 1031 533 1091 quis
543 1039 597 1085 emt,
609 1044 648 1077 seu
658 1032 702 1091 qun

167 1095 271 1163 oiebeut3
287 1100 310 1140 et
329 1092 417 1139 facilius
435 1095 463 1142 de
484 1095 536 1142 odio
558 1095 659 1142 creditur.
693 1093 703 1135 i

168 1157 244 1223 giesso
254 1157 346 1212 Pisone,
362 1158 461 1205 occisum
478 1160 501 1205 in
516 1161 592 1205 castris
603 1159 704 1206 Othonen

169 1225 247 1271 timum
258 1230 282 1270 et
291 1222 390 1269 incertus
400 1238 490 1270 rumor:
509 1238 569 1277 mox,
581 1225 640 1270 utin
651 1222 704 1286 mag

171 1290 227 1340 sciis.
243 1286 371 1334 interfuisse
388 1303 413 1334 se
429 1288 517 1347 quidum
529 1295 552 1334 et
561 1289 650 1342 uidisse.
667 1288 704 1335 affl

172 1349 323 1458 {duiznliu'md
333 1353 392 1398 inter
401 1353 531 1438 gaudentes
542 1361 565 1399 et
581 1353 704 1400 incuriosos

199 1426 274 1456 m„
326 1431 403 1445 Μ...
