1612 3150
483 2 489 22 ‚
547 0 550 9 ·

168 59 228 79 .......
232 50 274 85 um,
288 49 310 78 m
321 35 409 79 easdem
421 34 504 79 insulas
515 34 568 90 rcdc¹

24 115 56 144 ius
75 99 179 145 Pontiam
199 98 342 150 Postumiam,
361 107 436 158 stupro
448 100 567 158 cognitam,

26 179 36 208 s
52 179 102 208 suas
113 165 252 214 abnuentem,
270 164 379 221 impotens
394 165 475 207 amoris
491 163 575 208 interl'ea

27 230 115 272 osianus
123 229 231 288 pravitate
239 242 326 271 morum
336 227 410 271 multis
419 228 533 272 exitiosus.
552 227 579 271 Aa

24 293 51 337 rvi
63 291 267 337 senatus-consulto
278 291 374 336 damnati
385 291 492 351 pulsique,
509 306 584 351 quami

24 372 57 401 aso
76 357 123 402 aliis
141 357 220 410 reditu,
237 356 260 401 in
278 354 355 400 aridem
372 353 441 415 poenl
455 356 534 402 retenti
551 371 587 400 sur

24 421 72 466 ideo
89 420 158 467 lenita
175 436 230 482 erga
248 418 381 465 Mucianum
399 419 487 466 invidia.
521 420 592 481 Quipp

24 499 60 532 aua
78 498 104 531 oc
123 485 212 547 Sagitta
230 484 292 537 viler,
308 485 374 529 etiam
394 485 412 528 si
429 490 592 530 reverterentur

24 556 105 597 ttorum
117 550 207 612 ingenia
216 557 240 595 et
250 563 309 611 opes,
317 549 443 603 etexercita
453 549 517 594 malis
528 549 598 595 artibu

25 615 57 671 zia,
69 615 209 661 timebantur.

30 677 63 726 ιν.
79 678 242 726 Reconciliavit
258 679 368 740 paulisper
384 679 457 725 studia
473 686 560 741 patrum
572 679 608 725 ha·

33 752 133 803 coenatu
150 744 249 806 cognitio
266 744 388 789 secundum
405 752 503 790 veterem
519 758 612 790 morem.

37 823 55 854 aa
67 808 187 864 Patruitus,
204 816 299 864 senator,
317 808 428 869 pulsatum
446 823 470 854 ae
487 811 509 853 in
525 805 614 855 colonia

41 874 47 918 i
67 883 127 920 coetu
146 873 293 919 multitudinis
311 880 334 919 et
349 875 414 932 suasu
435 875 613 935 magistratuum,

47 944 98 984 tura
112 953 153 984 nec
164 937 232 983 finem
242 938 330 1000 injuriae
341 889 377 982 hle
386 939 487 985 stetisse:
501 938 614 999 planctum

50 1011 91 1048 *ata
108 1010 131 1048 et
148 1017 299 1064 supremorum
315 1003 436 1063 imaginem
453 1004 556 1063 praeacuti
574 1002 615 1048 sibi

56 1074 91 1113 ata
101 1082 152 1112 cum
165 1067 303 1113 contumeliis
313 1074 336 1112 et
347 1068 438 1127 probris,
455 1083 505 1127 quae
516 1069 539 1113 in
548 1081 613 1113 sena·

58 1133 285 1191 uersumjacerentur.
304 1131 390 1183 Vocati,
402 1133 439 1190 qui
451 1133 614 1192 arguebantur3

63 1195 94 1240 itai
109 1194 182 1248 causa,
198 1196 221 1241 in
238 1196 353 1241 convictos
367 1195 510 1243 vindicatum.
543 1196 616 1242 Addi-

67 1258 126 1308 S.C.
143 1275 187 1320 quo
206 1259 337 1306 Senenaium
355 1260 430 1320 plebes
447 1261 563 1306 modestiae
577 1261 616 1307 ad·

70 1340 91 1372 r.
124 1323 206 1370 Iisdem
217 1324 293 1370 diebus
304 1324 418 1369 Antonius
430 1322 532 1371 Flamma
544 1323 617 1382 Cyro·

76 1389 192 1436 damnatur
205 1389 256 1450 loge
272 1390 441 1450 repetundarum
481 1396 485 1404 '
