1612 3150
261 34 363 53 .........
366 24 436 61 ururn,
454 18 483 61 ct,
501 10 519 52 si
540 6 605 69 proeli

24 81 105 125 tutaret,
122 73 193 118 auctis
204 73 288 119 viribus
298 80 429 119 certaturos.

24 135 140 183 (XXIII.
157 138 286 183 Accedebat
305 138 423 183 sentcntiae
446 136 533 182 Paulini
557 136 610 181 Mar

26 218 77 247 sus:
98 203 155 248 idem
167 203 254 262 placere
266 203 343 248 Annio
353 202 430 257 Gallo,
442 217 525 262 paucos
536 209 588 247 ante
600 202 613 246 d

24 282 44 312 ru
56 268 106 331 equi
118 266 207 320 afflicto,
224 268 296 324 missi,
312 269 349 328 qni
359 267 476 312 consilium
486 268 535 328 ejus
546 267 618 312 sciscit

24 340 65 386 tur,
83 331 212 378 retulerant.
244 332 306 378 Otho
324 346 408 393 pronus
425 331 453 377 ad
470 331 620 377 decertandun

25 410 52 441 er
66 396 114 457 ejus
124 394 235 451 Titianus,
252 406 276 443 et
286 396 406 457 praefectus
417 397 515 457 praetorit
528 393 623 441 Proculo

27 459 93 507 orista
107 471 258 522 properantes,
276 461 400 508 Fortunam
418 469 441 506 et
456 460 510 506 deos
525 468 548 511 et
562 475 625 507 nume

30 525 80 572 ouis
96 525 175 572 adesse
185 527 289 581 consiliis,
307 525 383 572 adfore
394 526 516 580 conatibus,
534 527 626 575 testabar

52 605 96 637 neu
108 591 158 650 quis
169 592 257 638 obviam
268 592 300 638 ire
311 591 430 637 sententiae
442 591 540 643 auderet,
556 591 580 639 in
591 591 630 636 adu

35 670 87 702 nem
96 663 260 703 concesserant.
294 655 417 716 Postquam
428 656 523 717 pugnari
533 655 632 716 placttun

37 735 90 766 esse
97 736 182 782 pugnae
193 721 356 783 imperatorem,
368 736 396 767 an
406 721 483 782 seponi
494 721 574 766 melius
581 720 635 767 toret

39 782 119 831 avere.
148 784 243 832 Paulino
251 794 275 832 et
287 783 407 847 Celsojam
417 801 462 832 non
473 785 638 835 adversantibus

42 850 153 910 rincipenr
172 851 282 912 objectare
300 851 404 912 periculis
423 851 557 903 viderentur,
579 850 640 899 iioeu

44 915 140 961 {terioris
148 916 235 961 consilii
246 923 348 963 auctores
356 913 481 977 perpulcre,
490 922 515 960 ut
523 914 643 970 Brinellutt

47 980 123 1034 ederet,
140 995 173 1033 ac,
191 981 262 1027 dubiis
279 981 410 1042 proeliorum
427 988 536 1034 exemtus,
553 994 645 1027 sununae

49 1059 58 1089 ι
69 1053 93 1090 et
103 1045 189 1107 imperii
197 1061 222 1091 se
230 1047 302 1107 ipsum
313 1053 444 1092 reservaret.
476 1043 501 1090 ls
509 1045 594 1106 primus
601 1044 648 1091 dies

52 1109 125 1156 cianus
136 1118 210 1170 partes
220 1110 312 1157 afflixit:
326 1125 421 1171 namque
432 1118 456 1156 et
466 1125 518 1156 cum
528 1110 578 1171 ipso
588 1124 648 1171 prae·

54 1189 92 1221 um
102 1176 227 1221 cohortium
238 1184 261 1222 et
273 1176 436 1236 speculatorum
447 1175 593 1231 equitumouo
608 1189 649 1209 v·-

56 1253 119 1285 tanus
130 1240 230 1282 dimovi*
247 1247 282 1266 Λ*-
