1612 3150
62 37 73 44 ,
108 37 174 57 τ.-.
190 39 193 41 .
357 40 366 56 ,
529 41 535 55 ,
566 42 571 50 ,

61 37 170 118 el¹srduo
188 74 261 121 opere,
280 60 308 106 ob
325 59 442 120 ingenium
453 61 539 106 montis
549 69 597 120 etp

61 125 232 188 superstitionis,
249 139 316 184 quarn
334 140 379 185 qno
391 126 445 171 satis
456 125 535 170 virium
548 126 597 171 obse

60 190 163 238 lerandas
171 190 320 246 ,necessitates
331 197 463 249 superesset.
497 188 562 242 Tres,
574 197 597 234 ut

60 255 206 308 moravimus,
223 254 264 315 ipsi
276 251 418 315 Vespasiano
429 254 530 315 legiones
542 269 597 300 eran

61 320 135 367 bello:
154 327 250 378 quatuor
271 317 394 364 Mucianus
416 319 529 365 obtinebat
550 320 573 364 in
595 336 597 342 ·

62 384 175 431 aemulatio
186 391 210 429 et
218 383 315 445 proximi
326 383 438 430 exercitlls
449 383 522 444 gloria
533 384 594 445 repul

63 451 130 496 tiam:
150 456 304 509 quantumque
319 448 364 494 illis
383 448 468 495 roboris
486 448 596 494 discrimin

62 522 150 560 tantum
169 514 203 559 bis
220 513 307 575 vigoris
325 513 439 559 addiderat
455 513 543 574 integra
559 515 595 574 qui

61 586 139 641 pertus
150 578 200 624 belli
211 578 287 624 labor:
307 577 390 624 auxilia
401 578 489 638 utrique
500 579 596 624 cohortis

64 659 116 703 qne,
133 650 156 688 et
177 643 260 707 classes
282 657 398 704 regesque,
416 658 442 690 ae
465 658 547 690 nomen
570 643 596 690 dit

64 708 158 754 celebre.

96 771 127 818 V.
146 770 304 832 Vespasianus,
321 787 374 818 aser
384 772 478 828 militiae,
495 774 596 820 anteiret

64 852 116 883 cum
128 837 206 882 uostris
217 851 303 898 sapere,
320 844 389 882 noctu
406 837 488 897 diuque
498 839 596 892 consilio,

64 908 173 962 posceret,
190 915 258 947 manu
269 901 370 946 hostibus
382 902 464 948 obniti:
484 902 533 948 cibo
550 902 595 949 sort

64 967 184 1026 habituque
194 966 234 1011 vix
245 980 258 1011 a
268 967 373 1027 gregario
388 966 459 1012 milite
475 967 595 1028 discrepant

64 1031 82 1077 si
94 1031 187 1076 avaritia
198 1030 290 1083 abesset,
307 1031 404 1090 antiquis
415 1031 507 1077 ducibus
517 1046 564 1093 par.

65 1111 78 1142 e
89 1096 202 1141 contrario
213 1093 379 1156 magnificentia
389 1102 412 1140 et
423 1111 476 1157 opes
492 1103 515 1142 et
529 1104 595 1143 cunct

64 1161 156 1206 modurn
168 1174 312 1220 supergressa
322 1159 472 1206 extollebant:
486 1161 559 1222 aptior
569 1177 593 1208 se

106 1226 120 1242 ἰ
133 1240 136 1241 ⁷
178 1224 289 1244 Δ,,ΑΞ.......
304 1224 399 1244 .!..!l!.....
413 1240 484 1246 ..„.......
498 1227 593 1246 ...Anni
