1612 3150
80 75 149 93 ......
151 63 211 93 nant.

22 111 104 159 [xlx.
120 111 172 160 Jam
181 113 301 158 exterritus
310 111 364 159 Piso
369 111 458 159 fremitu
467 114 592 159 crebrescer

22 178 106 231 itionis‚
115 188 139 222 et
147 178 238 223 vocibus
244 178 267 221 in
276 177 361 223 Urbem
371 193 440 238 usque
448 179 595 224 resonantibur

22 257 62 288 ium
73 241 162 288 interim
174 242 276 296 Galbam,
294 250 318 287 et
327 242 377 288 foro
388 243 599 303 appropinquantem

22 316 62 352 itua
70 315 130 352 erat:
145 307 192 368 jam
205 306 294 352 Mariua
303 304 384 353 Celsus
394 307 453 353 haud
464 307 515 352 laeta
527 307 602 354 retule-

22 386 68 418 :um
87 371 130 425 ulii,
147 371 170 416 in
189 370 300 417 Palatium
317 371 395 425 redire,
411 371 455 424 alii,
473 369 606 433 Capitolium

22 459 31 494 ›‚
42 436 148 498 plerique,
159 434 244 482 Rostra
251 437 384 497 occupanda,
396 444 513 483 censerent
517 453 525 493 3
536 436 609 498 plurea

22 500 159 548 poententiia
169 501 262 547 aliorum
274 501 460 558 contradicerent,
477 508 545 563 utque
556 516 609 549 eve·

27 565 126 613 consiliio
136 564 266 620 infelicibus,
279 566 362 627 optima
369 565 504 619 viderentur,
515 582 609 626 quonun

26 646 35 677 a
104 637 158 677 erat
191 630 298 693 Agitiaoe
309 628 378 685 Laco,
395 629 566 692 ignaroGalbi,
583 632 611 678 rie

30 695 68 742 rdo
101 694 187 742 ‚Vinio
194 695 282 751 dicitur,
292 696 340 742 rive
351 701 376 741 ut
386 693 453 756 poeni
464 696 511 758 ejus
523 696 609 744 animoa

33 760 166 815 nmuiceret,
184 776 223 807 seu
234 760 348 807 conscium
359 759 457 807 Othonia
465 761 574 817 credebut,
583 762 611 809 ad

37 841 92 880 rum,
109 826 147 873 rei
165 826 233 883 odi03
249 825 413 872 hesitatiouem
431 824 505 872 attuiit
521 833 610 889 tempus

40 907 52 947 t,
69 891 127 952 quia,
144 891 207 938 initio
218 891 286 937 caedu
297 898 353 945 orto,
371 890 465 937 difficilia
475 890 568 939 modus:
588 898 611 939 et

44 971 67 1003 re
86 956 202 1003 consilium
222 955 302 1016 trepidi
321 955 392 1001 nuntii
412 970 438 1001 ac
456 955 609 1016 proximorum

62 1021 221 1083 languentibus
228 1020 327 1066 omniura
339 1020 424 1075 studiis,
435 1021 473 1081 qui
484 1021 555 1082 primo
565 1021 611 1069 ala·

50 1100 75 1132 tn
87 1093 154 1145 atque
164 1085 263 1132 animum
274 1092 448 1132 ostentaverant.

55 1150 173 1213 Agebatur
182 1152 226 1197 huo
236 1150 288 1197 ilino
301 1150 379 1206 Galba,
396 1150 458 1198 vario
472 1152 543 1198 turbae
553 1149 611 1199 fluc-

57 1215 155 1277 npuione
173 1215 292 1277 completis
303 1216 401 1276 undique
411 1215 508 1263 basilicis
516 1231 542 1263 ac
553 1223 611 1262 tem·

61 1281 101 1327 rbri
111 1288 243 1343 prospectu:
262 1296 335 1341 neque
345 1281 429 1343 popuiir
440 1289 478 1328 aut
488 1281 557 1343 plebia
566 1280 612 1328 ullu

69 1346 157 1393 attoniti
166 1346 242 1393 vultua
252 1353 276 1392 et
283 1361 398 1393 converarc
407 1346 434 1392 ad
446 1347 519 1392 omnia
531 1361 608 1383 νων

67 1410 132 1462 uitus,
150 1425 195 1457 non
217 1411 293 1450 miv·
318 1425 323 1427 ·
358 1410 365 1419 “
