1680 3298
64 115 85 152 J.
95 114 160 158 exto.
184 110 433 160 HISTORIARUM
441 112 495 159 Lnt.
503 111 547 159 IV.
557 110 617 160 Cur.
624 116 664 159 36.
686 111 730 160 171

65 251 189 297 cernentes,
213 245 316 290 omnibus
335 245 404 304 portis
425 251 580 306 prorumpunt.
619 243 655 289 Ac
674 241 733 290 sorte

66 305 153 362 Civilis,
171 309 233 371 lapsu
248 309 299 368 equi
316 316 446 370 prostratus,
463 308 547 356 crediti
561 325 601 371 per
612 316 733 367 utrumque

64 373 188 419 exercitum
207 372 274 426 fami,
296 374 438 420 vulneratum
457 382 496 421 aut
513 373 663 427 interfectum,
687 374 731 418 im·

64 451 132 547 napus
149 445 257 499 quantum
275 437 320 485 suis
337 439 433 502 pavoris,
450 447 474 486 et
490 439 590 486 hostibus
604 437 731 493 alacritatis,

64 501 88 547 in
105 502 153 548 idit.

98 565 209 614 XXXV.
226 567 272 614 Sed
288 566 384 627 Vocula,
401 569 490 617 omissis
506 567 643 631 fugientium
653 566 732 630 tergis,

64 631 149 677 vallam
162 638 278 694 turresque
289 641 411 681 castrorum
420 636 521 696 augebat,
533 641 646 694 tamquam
654 647 732 680 rursus

65 696 176 743 obsidium
194 698 322 744 immineret
327 715 336 755 ;
360 698 464 761 corrupti
482 700 548 747 toties
566 695 668 752 victorii,
685 711 730 744 non

66 760 125 807 falso
137 768 253 824 suspectus
264 763 344 809 bellurn
360 763 433 811 malle.
466 762 530 810 Nihil
545 778 609 824 aeque
618 762 732 810 exercitus

65 832 164 880 nostros,
181 841 248 887 quam
264 836 355 889 egestas
373 829 493 889 copiarum,
509 829 622 890 fatigabat.
654 824 732 888 Impe-

66 890 166 938 dimenta
176 890 292 953 legionum
303 908 354 939 cum
370 893 453 940 imbelli
464 891 527 940 turbis
538 892 663 941 Novesium
676 891 730 939 mia·

65 970 99 1010 sa,
117 962 142 1001 ut
152 956 210 1012 inde,
227 958 325 1005 terrestri
332 957 418 1013 itinere,
434 957 571 1005 frumentum
580 958 728 1005 adveherent:

67 1035 120 1066 nam
140 1019 232 1068 flumine
251 1023 327 1068 hostes
344 1023 492 1085 potiebantur.
524 1023 626 1070 Primum
648 1035 732 1084 agmen

66 1100 170 1132 securum
179 1086 277 1140 incessit,
288 1087 388 1134 nondum
400 1089 453 1135 satis
460 1087 525 1133 firmo
533 1086 625 1144 Civile3
637 1087 680 1147 qui,
694 1085 730 1132 ubi

66 1165 145 1198 rursus
161 1151 242 1198 missos
254 1151 380 1198 Novesium
390 1151 570 1207 frumentatores,
588 1153 695 1211 datasque
708 1150 732 1195 in

64 1215 194 1278 praesidium
213 1216 324 1271 cohortes,
340 1217 403 1263 velut
421 1214 493 1263 multi
508 1232 570 1279 pace,
584 1215 671 1278 ingredi
693 1230 731 1261 ac·

66 1281 134 1342 cepit,
151 1295 224 1334 rarum
242 1281 301 1343 apud
318 1280 384 1343 signa
394 1281 495 1336 militem,
511 1296 573 1328 anna
583 1282 606 1327 in
618 1279 732 1335 vehiculis,

66 1352 160 1392 cunctos
170 1345 261 1393 licentiis
270 1358 348 1407 vagos,
365 1347 502 1406 compositus
512 1346 614 1401 invadit3
629 1343 732 1406 praemis·

65 1411 103 1465 sis,
120 1410 159 1470 qui
170 1418 250 1472 pontes
260 1411 380 1457 etviarum
394 1418 491 1472 angusta
506 1409 634 1456 insiderent.
667 1407 731 1469 Pag-

64 1481 145 1523 natum
160 1475 232 1536 longo
249 1474 339 1536 agmine
353 1483 377 1521 et
390 1475 477 1522 incerto
488 1474 572 1529 Marte,
588 1474 660 1521 donec
670 1486 732 1534 proe·

63 1540 121 1586 lium
133 1552 180 1584 nox
191 1539 311 1586 dirimeret.
342 1537 455 1587 Cohortes
466 1540 592 1587 Geldubam
607 1535 733 1600 perrexere,

66 1604 216 1658 manentibus,
233 1610 258 1649 ut
273 1603 368 1659 fuerant,
384 1605 469 1661 castris,
486 1619 537 1664 quae
548 1604 676 1650 relictorum
687 1601 733 1648 illic

67 1667 165 1714 militurn
186 1667 291 1728 prasidio
309 1669 447 1716 tenebantur.
487 1668 542 1715 Non
565 1675 612 1715 erat
634 1668 731 1721 dubium,

66 1738 177 1793 quantam
188 1733 211 1779 in
222 1747 326 1793 regressu
333 1733 465 1783 discriminis
475 1734 599 1780 adeundum
607 1732 672 1785 foret,
683 1730 732 1777 sru-

66 1796 229 1843 mentatoribus
246 1799 332 1845 onustis
348 1799 505 1860 perculsisque.
538 1797 609 1845 Addit
624 1796 733 1843 exercitui

67 1877 110 1908 suo
126 1859 215 1908 Vocula
225 1861 286 1908 mille
299 1863 397 1911 delectos
411 1879 424 1910 e
439 1862 516 1924 quinti
531 1870 554 1909 et
568 1858 734 1923 quintadecima

65 1927 200 1988 legionibus,
212 1927 269 1988 apud
280 1925 365 1974 Vetera
375 1929 478 1983 obsessis,
489 1928 621 1975 indomitum
629 1926 732 1981 militem,

68 1998 93 2038 et
112 1991 205 2039 ducibus
223 1991 343 2040 infensum.
382 1992 470 2046 Plures,
487 2009 553 2053 quarn
568 1994 657 2054 jussum
676 1996 731 2045 erat,

65 2055 168 2118 proiecti,
185 2056 257 2118 palam
274 2058 297 2103 in
314 2057 403 2119 agmine
419 2057 550 2112 fremebant,
568 2072 613 2103 non
630 2072 655 2102 se
674 2054 732 2101 ultra

65 2120 157 2175 samem,
174 2122 265 2169 insidias
275 2121 410 2183 legatorum,
420 2123 560 2170 toleraturos.
593 2120 633 2175 Ar,
645 2120 683 2179 qui
695 2134 732 2165 re·

66 2192 202 2241 manserant,
214 2184 314 2233 desertos
325 2203 358 2244 se,
369 2185 463 2233 abducti
473 2194 536 2248 parte
546 2187 667 2248 legionum,
676 2198 731 2244 que·

66 2251 180 2299 rebantur·
212 2249 306 2313 Duplex
324 2252 376 2299 hino
395 2252 491 2307 seditio;
507 2253 556 2298 aliis
576 2249 733 2299 revocantibus

66 2313 187 2369 Voculam,
204 2315 252 2362 aliis
264 2316 334 2362 redire
345 2317 368 2363 in
380 2323 452 2363 castra
463 2315 616 2365 abnuentibus.

72 2412 77 2423 .
99 2378 223 2427 XXXVI.
235 2378 420 2429 Interimcivilis
428 2380 514 2427 Vetera
521 2378 670 2426 circumsedit.
681 2376 732 2424 Vo-

64 2445 117 2493 cula
136 2444 270 2501 Geldubam,
294 2452 361 2506 atque
381 2445 435 2493 iude
455 2444 589 2498 Novesium,
613 2443 733 2490 concessit.

65 2508 148 2559 civilis
156 2510 215 2573 capit
228 2510 362 2558 Geldubam.
388 2510 455 2565 Mox,
466 2510 528 2558 haud
536 2509 617 2573 procul
623 2507 744 2558 muudus,

61 2575 161 2635 equestri
168 2574 250 2636 proelio
259 2591 371 2641 prospere
380 2577 488 2627 certauit.
504 2576 556 2627 Sed
562 2573 637 2623 otuu
644 2566 765 2618 aaa&

51 2639 198 2700 adversisque
212 2641 313 2705 perinde
329 2645 357 2694 in
369 2646 474 2696 exitium
484 2645 580 2694 ducum
590 2632 788 2715 antenbfflf
