1680 3298
77 120 99 167 J·
108 118 174 166 (3.11.
199 113 449 165 HISTORIARUM
459 115 511 162 Lm.
520 113 565 163 IV.
576 115 635 164 Car.
644 119 683 165 53.
708 121 750 164 181

114 246 157 293 LI.
175 247 208 295 At
225 248 374 310 Vespasiano,
391 255 442 309 post
460 245 637 294 Cremonensem
653 263 753 309 pugnam

81 318 106 359 st
126 327 246 375 prosperos
265 313 364 374 undique
385 314 484 365 nuntios,
502 313 608 358 cecidisse
627 311 753 369 Vitellium,

81 377 147 424 multi
165 380 273 440 cujusque
291 379 382 432 ordinis,
397 377 446 438 pari
463 376 555 424 audaciai
568 375 703 439 fortunisque
718 378 754 423 hi·

81 442 177 505 bernum
194 458 257 489 mare
274 443 382 505 aggressi,
400 439 539 488 nuntiavere.
571 441 673 489 Aderant
684 443 754 505 legati

81 507 143 569 regis
156 506 273 569 Vologesi,
284 507 354 567 quadr
384 507 432 554 'uta
443 505 579 553 Parthorum
590 508 690 568 equitum
701 508 753 553 mil·

79 570 111 619 lia
121 570 249 619 offerentes.
281 522 432 633 Manilium
449 571 579 632 laetumque,
595 572 665 618 tantis
680 575 753 618 meio·

81 650 132 682 rum
150 637 239 684 auxiliis
253 636 338 691 ambiri,
355 651 428 698 noque
438 636 547 698 indigere.
581 637 669 684 Gratiae
680 636 754 684 Volo·

79 715 138 763 geso
157 709 222 757 actae,
247 701 428 762 mandatumque,
453 708 479 748 ut
496 702 584 763 legatos
603 702 631 748 ad
650 709 754 748 senatum

81 767 189 822 mitteret,
206 778 230 813 et
239 781 318 828 pacem
330 782 379 813 esse
390 767 464 813 sciret.
496 765 656 828 Vespasianus,
668 767 691 812 in
704 765 752 813 Ita-

81 830 137 879 liam
154 846 235 891 resque
247 830 316 878 Urbis
326 832 434 884 intentus,
451 832 568 878 adversam
579 831 607 878 de
618 830 754 879 Domitiano

81 894 167 943 famam
175 896 268 959 accipit:
288 903 402 957 tamquam
414 897 522 943 terminos
530 897 603 943 aetatis
614 903 637 942 et
647 910 754 944 concessa

81 958 131 1007 filio
142 960 291 1022 egrederetur.
325 959 401 1023 Igitur
408 961 568 1008 validissimam
580 960 693 1007 exercitiis
703 975 755 1023 par·

82 1031 131 1072 tem
142 1024 197 1073 'lito
207 1027 282 1084 tradit,
299 1026 327 1072 ad
339 1026 424 1087 reliqua
434 1024 525 1074 Judaici
535 1026 588 1072 belli
598 1025 753 1087 perpetranda.

116 1088 174 1137 LII.
189 1089 275 1147 Titum,
292 1099 412 1152 antequam
430 1090 591 1153 digrederetur,
608 1091 680 1137 multo
694 1091 754 1154 apud

80 1161 168 1219 patrem
187 1171 291 1204 sermone
310 1155 387 1203 ordsse
406 1155 525 1210 dicebatur,
543 1171 572 1201 ne
587 1156 753 1202 criminantium

81 1220 168 1268 nuntiis
176 1227 261 1269 temere
271 1221 443 1269 accenderetur:
463 1221 621 1282 integrumque
632 1235 656 1267 se
667 1236 693 1267 ac
704 1219 753 1283 pla·

81 1285 176 1332 cabilem
188 1284 236 1333 illio
250 1292 376 1348 praestaret.
407 1284 463 1332 Non
477 1285 585 1348 legiones,
602 1300 648 1332 non
664 1285 754 1343 classes,

123 1348 129 1361 '
146 1350 175 1396 de
192 1348 257 1398 firma
275 1352 362 1413 imperii
382 1351 528 1406 munimenta,
545 1365 611 1411 quarn
634 1365 753 1398 numerum

79 1364 209 1462 mrum.
242 1415 304 1464 Nam
315 1416 400 1463 amicos
410 1423 518 1477 tempore,
535 1413 632 1471 fortuni,
643 1416 753 1477 cupidini·

81 1480 125 1528 bus
136 1479 261 1541 aliquando,
278 1487 317 1528 aut
325 1480 442 1536 erroribus,
458 1481 568 1536 imminui,
579 1480 701 1536 transferri,
712 1480 754 1527 de·

80 1545 171 1592 sinere:
199 1560 265 1592 suum
284 1546 364 1606 cuique
384 1547 516 1608 sanguinem
536 1547 687 1599 indiscretum,
713 1546 754 1594 sed

81 1609 182 1656 maxime
187 1610 336 1672 principibus;
346 1625 441 1671 quorum
449 1612 561 1673 prosperis
569 1619 592 1658 et
599 1612 636 1658 alii
643 1610 753 1666 fruantur,

82 1673 179 1720 adversa
188 1674 216 1720 ad
226 1674 382 1736 Junctissimos
391 1677 529 1739 pertineant:
549 1692 578 1722 ne
588 1676 693 1722 fratribus
704 1678 754 1737 qui-

83 1738 136 1786 dem
158 1753 286 1786 mansuram
307 1741 456 1796 concordiam,
481 1742 505 1786 ni
523 1756 604 1802 parens
626 1741 753 1802 exemplum

82 1802 223 1866 praebuisset.
254 1803 413 1866 Vespasianus,
422 1807 481 1852 haud
493 1821 557 1866 aeque
565 1805 698 1852 Domitiano
710 1807 753 1851 mi·

82 1868 175 1930 rigatus,
193 1882 259 1928 quam
270 1868 318 1916 'liti
329 1871 412 1932 pietate
422 1871 530 1933 gaudens,
548 1872 607 1917 bono
619 1886 668 1917 esse
679 1871 755 1918 animo

71 1934 152 2003 jubet,
169 1933 271 1995 belloque
282 1942 305 1982 et
320 1936 388 1981 armis
404 1935 563 1998 rempublicam
578 1936 694 1982 attolleres
714 1936 755 1982 sibi

82 2013 161 2062 pacem
180 1999 316 2061 domumque
330 2015 391 2047 curre
408 2000 465 2048 fore.
496 1999 557 2047 Tum
572 2001 698 2047 celerrimas
714 2015 755 2046 na·

82 2064 153 2119 vium,
165 2063 279 2112 immerito
290 2072 390 2119 onustas,
402 2080 464 2113 saevo
476 2066 548 2112 adhuc
558 2066 614 2111 mari
627 2066 755 2112 committit.

83 2128 175 2192 Quippe
183 2136 246 2176 tanto
253 2130 381 2177 discrimine
389 2129 449 2177 Urbs
462 2131 558 2184 nutabat,
571 2138 596 2176 ut
607 2131 684 2176 decem
696 2130 755 2176 haud

82 2193 178 2256 amplius
190 2194 275 2246 dierum
285 2194 426 2241 frumentum
442 2196 466 2241 in
482 2196 568 2242 horreis
582 2195 655 2248 fuerit,
674 2210 725 2240 cum
742 2209 756 2241 a

82 2256 109 2306 V
136 2264 139 2269 '
174 2259 225 2306 iano
237 2266 376 2306 commeatus
387 2258 518 2307 subvenire.

115 2322 138 2369 L
153 2321 187 2370 Il.
205 2321 290 2372 Curam
302 2324 433 2372 restituendi
443 2323 549 2387 Capitolii
559 2325 582 2370 in
595 2323 624 2371 L.
632 2322 756 2370 Vestinum

82 2387 179 2442 confert,
196 2389 306 2450 equestris
322 2389 406 2436 ordinis
423 2390 504 2444 virum,
522 2389 561 2436 sed
577 2390 709 2435 auctoritato
721 2388 756 2436 fa·

83 2452 166 2514 indque
180 2454 240 2501 inter
257 2469 369 2517 proceres.
402 2454 441 2502 Ab
458 2471 485 2501 eo
503 2455 611 2501 contracti
628 2455 757 2515 hamspices

82 2515 200 2573 mannire,
217 2525 243 2566 ut
254 2519 354 2580 reliquiae
364 2519 445 2581 prioris
459 2519 542 2565 delubri
559 2519 582 2564 in
598 2519 690 2580 paludes
703 2534 757 2565 aue-

81 2583 203 2629 lrerentur=
223 2584 332 2646 templum
344 2583 425 2634 iisdem
436 2584 545 2650 uestigiis
555 2584 677 2631 sisteretur
684 2599 694 2626 ·.
710 2581 780 2625 naba

71 2645 133 2697 deos,
152 2649 239 2696 mutari
256 2657 363 2702 veterem
375 2651 489 2705 tonnam.
523 2639 797 2723 praeamata-bu-

98 2721 151 2757 νοι.
161 2724 201 2758 111.
565 2733 597 2766 ‚a
