<?xml version="1.0" encoding="UTF-8"?>
<!DOCTYPE html PUBLIC "-//W3C//DTD XHTML 1.0 Transitional//EN"
    "http://www.w3.org/TR/xhtml1/DTD/xhtml1-transitional.dtd">
<html xmlns="http://www.w3.org/1999/xhtml" xml:lang="en" lang="en">
 <head>
  <title>
</title>
<meta http-equiv="Content-Type" content="text/html;charset=utf-8" />
  <meta name='ocr-system' content='tesseract 3.04.00' />
  <meta name='ocr-capabilities' content='ocr_page ocr_carea ocr_par ocr_line ocrx_word'/>
</head>
<body>
  <div class='ocr_page' id='page_1' title='image "./ccorneliitaciti02obergoog_0138.png"; bbox 0 0 1680 3298; ppageno 0'>
   <div class='ocr_carea' id='block_1_1' title="bbox 76 111 746 164">
    <p class='ocr_par' dir='ltr' id='par_1_1' title="bbox 76 111 746 164">
     <span class='ocr_line' id='line_1_1' title="bbox 76 111 746 164; baseline 0.007 -8"><span class='ocrx_word' id='word_1_1' title='bbox 76 117 130 159; x_wconf 43' lang='lat' dir='ltr'><strong>tc,</strong></span> <span class='ocrx_word' id='word_1_2' title='bbox 140 121 174 164; x_wconf 77' lang='grc'><strong>70.</strong></span> <span class='ocrx_word' id='word_1_3' title='bbox 199 113 447 163; x_wconf 84' lang='lat' dir='ltr'><strong>HISTORIARUM</strong></span> <span class='ocrx_word' id='word_1_4' title='bbox 459 111 511 161; x_wconf 85' lang='lat' dir='ltr'><strong>Lra.</strong></span> <span class='ocrx_word' id='word_1_5' title='bbox 520 113 567 162; x_wconf 92' lang='lat' dir='ltr'><strong>Ill.</strong></span> <span class='ocrx_word' id='word_1_6' title='bbox 581 113 686 164; x_wconf 54' lang='lat' dir='ltr'><strong>Carent.</strong></span> <span class='ocrx_word' id='word_1_7' title='bbox 705 119 746 163; x_wconf 79' lang='grc'><strong>131</strong></span> 
     </span>
    </p>
   </div>
   <div class='ocr_carea' id='block_1_2' title="bbox 75 244 765 2590">
    <p class='ocr_par' dir='ltr' id='par_1_2' title="bbox 77 244 749 438">
     <span class='ocr_line' id='line_1_2' title="bbox 77 244 747 308; baseline 0 -14"><span class='ocrx_word' id='word_1_8' title='bbox 77 247 173 301; x_wconf 75' lang='lat' dir='ltr'><strong>sinistre,</strong></span> <span class='ocrx_word' id='word_1_9' title='bbox 190 254 213 292; x_wconf 88' lang='lat' dir='ltr'><strong>et</strong></span> <span class='ocrx_word' id='word_1_10' title='bbox 233 247 342 292; x_wconf 87' lang='lat' dir='ltr'><strong>Muciano</strong></span> <span class='ocrx_word' id='word_1_11' title='bbox 360 248 465 300; x_wconf 82' lang='lat' dir='ltr'><strong>volentia,</strong></span> <span class='ocrx_word' id='word_1_12' title='bbox 485 244 624 308; x_wconf 67' lang='lat' dir='ltr'><strong>rescripsirc.</strong></span> <span class='ocrx_word' id='word_1_13' title='bbox 658 247 747 301; x_wconf 83' lang='lat' dir='ltr'><strong>Quibus</strong></span> 
     </span>
     <span class='ocr_line' id='line_1_3' title="bbox 78 310 749 375; baseline 0.003 -17"><span class='ocrx_word' id='word_1_14' title='bbox 78 312 177 375; x_wconf 89' lang='lat' dir='ltr'><strong>epistolis</strong></span> <span class='ocrx_word' id='word_1_15' title='bbox 189 310 329 373; x_wconf 78' lang='lat' dir='ltr'><strong>Vespasiano</strong></span> <span class='ocrx_word' id='word_1_16' title='bbox 341 313 423 368; x_wconf 87' lang='lat' dir='ltr'><strong>missis,</strong></span> <span class='ocrx_word' id='word_1_17' title='bbox 441 311 550 367; x_wconf 81' lang='lat' dir='ltr'><strong>effecerat,</strong></span> <span class='ocrx_word' id='word_1_18' title='bbox 563 319 644 358; x_wconf 87' lang='lat' dir='ltr'><strong>utnon</strong></span> <span class='ocrx_word' id='word_1_19' title='bbox 656 329 697 374; x_wconf 91' lang='lat' dir='ltr'><strong>pro</strong></span> <span class='ocrx_word' id='word_1_20' title='bbox 709 327 749 374; x_wconf 91' lang='lat' dir='ltr'><strong>spe</strong></span> 
     </span>
     <span class='ocr_line' id='line_1_4' title="bbox 78 376 636 438; baseline -0.007 -13"><span class='ocrx_word' id='word_1_21' title='bbox 78 377 175 425; x_wconf 85' lang='lat' dir='ltr'>Antonii</span> <span class='ocrx_word' id='word_1_22' title='bbox 187 377 280 424; x_wconf 85' lang='lat' dir='ltr'><strong>consilia</strong></span> <span class='ocrx_word' id='word_1_23' title='bbox 289 376 392 437; x_wconf 78' lang='lat' dir='ltr'><strong>factaque</strong></span> <span class='ocrx_word' id='word_1_24' title='bbox 403 378 451 438; x_wconf 90' lang='lat' dir='ltr'><strong>ejus</strong></span> <span class='ocrx_word' id='word_1_25' title='bbox 463 378 636 424; x_wconf 78' lang='lat' dir='ltr'><strong>matimarentur.</strong></span> 
     </span>
    </p>

    <p class='ocr_par' dir='ltr' id='par_1_3' title="bbox 75 440 751 2068">
     <span class='ocr_line' id='line_1_5' title="bbox 111 440 747 505; baseline 0.002 -17"><span class='ocrx_word' id='word_1_26' title='bbox 111 440 183 489; x_wconf 89' lang='lat' dir='ltr'><strong>LIII.</strong></span> <span class='ocrx_word' id='word_1_27' title='bbox 200 442 275 504; x_wconf 85' lang='lat' dir='ltr'><strong>AEgre</strong></span> <span class='ocrx_word' id='word_1_28' title='bbox 290 442 313 488; x_wconf 91' lang='lat' dir='ltr'><strong>id</strong></span> <span class='ocrx_word' id='word_1_29' title='bbox 323 443 369 504; x_wconf 89' lang='lat' dir='ltr'><strong>pati</strong></span> <span class='ocrx_word' id='word_1_30' title='bbox 381 442 504 495; x_wconf 87' lang='lat' dir='ltr'><strong>Antonius,</strong></span> <span class='ocrx_word' id='word_1_31' title='bbox 521 452 544 488; x_wconf 88' lang='lat' dir='ltr'><strong>et</strong></span> <span class='ocrx_word' id='word_1_32' title='bbox 555 443 642 505; x_wconf 88' lang='lat' dir='ltr'><strong>culpam</strong></span> <span class='ocrx_word' id='word_1_33' title='bbox 653 444 677 488; x_wconf 91' lang='lat' dir='ltr'><strong>iu</strong></span> <span class='ocrx_word' id='word_1_34' title='bbox 689 442 747 490; x_wconf 90' lang='lat' dir='ltr'><strong>Mu·</strong></span> 
     </span>
     <span class='ocr_line' id='line_1_6' title="bbox 76 507 747 571; baseline -0.001 -15"><span class='ocrx_word' id='word_1_35' title='bbox 76 509 167 556; x_wconf 81' lang='lat' dir='ltr'><strong>sianum</strong></span> <span class='ocrx_word' id='word_1_36' title='bbox 187 507 295 562; x_wconf 82' lang='lat' dir='ltr'><strong>conferre,</strong></span> <span class='ocrx_word' id='word_1_37' title='bbox 321 509 385 571; x_wconf 90' lang='lat' dir='ltr'><strong>cujus</strong></span> <span class='ocrx_word' id='word_1_38' title='bbox 407 507 597 555; x_wconf 87' lang='lat' dir='ltr'><strong>criminationibus</strong></span> <span class='ocrx_word' id='word_1_39' title='bbox 615 509 747 556; x_wconf 78' lang='lat' dir='ltr'><strong>eviluissent</strong></span> 
     </span>
     <span class='ocr_line' id='line_1_7' title="bbox 75 572 746 636; baseline 0.001 -17"><span class='ocrx_word' id='word_1_40' title='bbox 75 573 177 636; x_wconf 82' lang='lat' dir='ltr'><strong>pericula</strong></span> <span class='ocrx_word' id='word_1_41' title='bbox 188 587 241 618; x_wconf 85' lang='lat' dir='ltr'><strong>sua:</strong></span> <span class='ocrx_word' id='word_1_42' title='bbox 255 587 297 619; x_wconf 89' lang='lat' dir='ltr'><strong>nec</strong></span> <span class='ocrx_word' id='word_1_43' title='bbox 309 573 448 618; x_wconf 80' lang='lat' dir='ltr'><strong>sermonibus</strong></span> <span class='ocrx_word' id='word_1_44' title='bbox 456 572 600 633; x_wconf 81' lang='lat' dir='ltr'><strong>temperabat,</strong></span> <span class='ocrx_word' id='word_1_45' title='bbox 612 574 746 620; x_wconf 87' lang='lat' dir='ltr'><strong>immodicus</strong></span> 
     </span>
     <span class='ocr_line' id='line_1_8' title="bbox 76 636 746 701; baseline -0.001 -15"><span class='ocrx_word' id='word_1_46' title='bbox 76 636 164 701; x_wconf 78' lang='lat' dir='ltr'><strong>lingua,</strong></span> <span class='ocrx_word' id='word_1_47' title='bbox 182 644 205 684; x_wconf 91' lang='lat' dir='ltr'><strong>et</strong></span> <span class='ocrx_word' id='word_1_48' title='bbox 212 638 311 698; x_wconf 90' lang='lat' dir='ltr'><strong>obsequii</strong></span> <span class='ocrx_word' id='word_1_49' title='bbox 322 637 434 684; x_wconf 78' lang='lat' dir='ltr'><strong>insolens:</strong></span> <span class='ocrx_word' id='word_1_50' title='bbox 453 637 529 684; x_wconf 84' lang='lat' dir='ltr'><strong>literas</strong></span> <span class='ocrx_word' id='word_1_51' title='bbox 541 638 569 685; x_wconf 88' lang='lat' dir='ltr'><strong>ad</strong></span> <span class='ocrx_word' id='word_1_52' title='bbox 580 637 746 699; x_wconf 88' lang='lat' dir='ltr'><strong>Vespasianum</strong></span> 
     </span>
     <span class='ocr_line' id='line_1_9' title="bbox 78 702 749 769; baseline 0.001 -19"><span class='ocrx_word' id='word_1_53' title='bbox 78 703 212 765; x_wconf 86' lang='lat' dir='ltr'><strong>composuit,</strong></span> <span class='ocrx_word' id='word_1_54' title='bbox 224 703 347 764; x_wconf 86' lang='lat' dir='ltr'><strong>jactantius</strong></span> <span class='ocrx_word' id='word_1_55' title='bbox 362 717 429 763; x_wconf 89' lang='lat' dir='ltr'><strong>quam</strong></span> <span class='ocrx_word' id='word_1_56' title='bbox 446 702 474 748; x_wconf 86' lang='lat' dir='ltr'><strong>ad</strong></span> <span class='ocrx_word' id='word_1_57' title='bbox 489 704 620 769; x_wconf 73' lang='lat' dir='ltr'><strong>principem,</strong></span> <span class='ocrx_word' id='word_1_58' title='bbox 637 720 679 750; x_wconf 93' lang='lat' dir='ltr'><strong>nec</strong></span> <span class='ocrx_word' id='word_1_59' title='bbox 698 705 749 751; x_wconf 89' lang='lat' dir='ltr'><strong>sine</strong></span> 
     </span>
     <span class='ocr_line' id='line_1_10' title="bbox 78 765 748 816; baseline -0.001 0"><span class='ocrx_word' id='word_1_60' title='bbox 78 765 169 816; x_wconf 76' lang='lat' dir='ltr'><strong>occulti</strong></span> <span class='ocrx_word' id='word_1_61' title='bbox 187 767 210 813; x_wconf 90' lang='lat' dir='ltr'><strong>in</strong></span> <span class='ocrx_word' id='word_1_62' title='bbox 228 767 362 814; x_wconf 89' lang='lat' dir='ltr'><strong>Mucianum</strong></span> <span class='ocrx_word' id='word_1_63' title='bbox 382 768 540 814; x_wconf 80' lang='lat' dir='ltr'><strong>insectatione:</strong></span> <span class='ocrx_word' id='word_1_64' title='bbox 561 783 586 814; x_wconf 87' lang='lat' dir='ltr'><strong>se</strong></span> <span class='ocrx_word' id='word_1_65' title='bbox 604 767 748 816; x_wconf 86' lang='lat' dir='ltr'><strong>Pannonicas</strong></span> 
     </span>
     <span class='ocr_line' id='line_1_11' title="bbox 76 833 748 896; baseline 0.001 -15"><span class='ocrx_word' id='word_1_66' title='bbox 76 834 182 896; x_wconf 80' lang='lat' dir='ltr'><strong>legiones</strong></span> <span class='ocrx_word' id='word_1_67' title='bbox 193 833 216 879; x_wconf 89' lang='lat' dir='ltr'><strong>in</strong></span> <span class='ocrx_word' id='word_1_68' title='bbox 227 847 289 878; x_wconf 89' lang='lat' dir='ltr'><strong>arma</strong></span> <span class='ocrx_word' id='word_1_69' title='bbox 299 833 385 894; x_wconf 84' lang='lat' dir='ltr'><strong>egisse:</strong></span> <span class='ocrx_word' id='word_1_70' title='bbox 401 833 447 879; x_wconf 86' lang='lat' dir='ltr'><strong>suis</strong></span> <span class='ocrx_word' id='word_1_71' title='bbox 455 833 551 880; x_wconf 86' lang='lat' dir='ltr'><strong>stimulis</strong></span> <span class='ocrx_word' id='word_1_72' title='bbox 559 835 645 881; x_wconf 85' lang='lat' dir='ltr'><strong>excitos</strong></span> <span class='ocrx_word' id='word_1_73' title='bbox 653 833 748 882; x_wconf 83' lang='lat' dir='ltr'><strong>Moesiae</strong></span> 
     </span>
     <span class='ocr_line' id='line_1_12' title="bbox 79 894 746 960; baseline 0.001 -15"><span class='ocrx_word' id='word_1_74' title='bbox 79 899 164 945; x_wconf 80' lang='lat' dir='ltr'><strong>duces:</strong></span> <span class='ocrx_word' id='word_1_75' title='bbox 184 894 224 943; x_wconf 76' lang='lat' dir='ltr'><strong>sui</strong></span> <span class='ocrx_word' id='word_1_76' title='bbox 242 894 367 944; x_wconf 77' lang='lat' dir='ltr'><strong>constantii</strong></span> <span class='ocrx_word' id='word_1_77' title='bbox 385 905 501 960; x_wconf 86' lang='lat' dir='ltr'><strong>perruptas</strong></span> <span class='ocrx_word' id='word_1_78' title='bbox 518 899 596 960; x_wconf 81' lang='lat' dir='ltr'><strong>Alpes,</strong></span> <span class='ocrx_word' id='word_1_79' title='bbox 614 907 746 960; x_wconf 81' lang='lat' dir='ltr'><strong>occupatam</strong></span> 
     </span>
     <span class='ocr_line' id='line_1_13' title="bbox 79 961 746 1024; baseline 0.001 -14"><span class='ocrx_word' id='word_1_80' title='bbox 79 961 179 1016; x_wconf 85' lang='lat' dir='ltr'><strong>Italiam,</strong></span> <span class='ocrx_word' id='word_1_81' title='bbox 190 963 312 1024; x_wconf 87' lang='lat' dir='ltr'><strong>intersepta</strong></span> <span class='ocrx_word' id='word_1_82' title='bbox 324 963 490 1010; x_wconf 88' lang='lat' dir='ltr'><strong>Germanorum</strong></span> <span class='ocrx_word' id='word_1_83' title='bbox 502 962 682 1024; x_wconf 86' lang='lat' dir='ltr'><strong>Rhaetorumque</strong></span> <span class='ocrx_word' id='word_1_84' title='bbox 690 979 746 1011; x_wconf 86' lang='lat' dir='ltr'><strong>aux·</strong></span> 
     </span>
     <span class='ocr_line' id='line_1_14' title="bbox 77 1026 749 1092; baseline 0 -15"><span class='ocrx_word' id='word_1_85' title='bbox 77 1029 125 1077; x_wconf 76' lang='lat' dir='ltr'><strong>ilis</strong></span> <span class='ocrx_word' id='word_1_86' title='bbox 158 1026 227 1083; x_wconf 80' lang='lat' dir='ltr'><strong>Quod</strong></span> <span class='ocrx_word' id='word_1_87' title='bbox 242 1027 355 1076; x_wconf 82' lang='lat' dir='ltr'><strong>discordes</strong></span> <span class='ocrx_word' id='word_1_88' title='bbox 371 1028 526 1090; x_wconf 85' lang='lat' dir='ltr'><strong>dispersasque</strong></span> <span class='ocrx_word' id='word_1_89' title='bbox 543 1027 630 1076; x_wconf 89' lang='lat' dir='ltr'><strong>Vitellii</strong></span> <span class='ocrx_word' id='word_1_90' title='bbox 645 1029 749 1092; x_wconf 83' lang='lat' dir='ltr'><strong>legiones</strong></span> 
     </span>
     <span class='ocr_line' id='line_1_15' title="bbox 79 1092 747 1156; baseline 0.001 -17"><span class='ocrx_word' id='word_1_91' title='bbox 79 1093 180 1155; x_wconf 78' lang='lat' dir='ltr'><strong>equestri</strong></span> <span class='ocrx_word' id='word_1_92' title='bbox 190 1092 295 1155; x_wconf 75' lang='lat' dir='ltr'><strong>procelli,</strong></span> <span class='ocrx_word' id='word_1_93' title='bbox 307 1108 362 1139; x_wconf 84' lang='lat' dir='ltr'><strong>mox</strong></span> <span class='ocrx_word' id='word_1_94' title='bbox 372 1094 472 1155; x_wconf 88' lang='lat' dir='ltr'><strong>pediturn</strong></span> <span class='ocrx_word' id='word_1_95' title='bbox 483 1094 513 1148; x_wconf 82' lang='lat' dir='ltr'><strong>vi,</strong></span> <span class='ocrx_word' id='word_1_96' title='bbox 525 1110 565 1156; x_wconf 90' lang='lat' dir='ltr'><strong>per</strong></span> <span class='ocrx_word' id='word_1_97' title='bbox 573 1095 631 1141; x_wconf 76' lang='lat' dir='ltr'><strong>aliem</strong></span> <span class='ocrx_word' id='word_1_98' title='bbox 643 1103 747 1142; x_wconf 86' lang='lat' dir='ltr'><strong>noctem-</strong></span> 
     </span>
     <span class='ocr_line' id='line_1_16' title="bbox 78 1157 748 1221; baseline 0 -15"><span class='ocrx_word' id='word_1_99' title='bbox 78 1174 131 1221; x_wconf 89' lang='lat' dir='ltr'><strong>que,</strong></span> <span class='ocrx_word' id='word_1_100' title='bbox 143 1157 243 1214; x_wconf 81' lang='lat' dir='ltr'><strong>fudisset,</strong></span> <span class='ocrx_word' id='word_1_101' title='bbox 255 1159 278 1204; x_wconf 90' lang='lat' dir='ltr'><strong>id</strong></span> <span class='ocrx_word' id='word_1_102' title='bbox 285 1159 466 1220; x_wconf 86' lang='lat' dir='ltr'><strong>pulcherrimum,</strong></span> <span class='ocrx_word' id='word_1_103' title='bbox 478 1165 501 1205; x_wconf 87' lang='lat' dir='ltr'><strong>et</strong></span> <span class='ocrx_word' id='word_1_104' title='bbox 512 1160 547 1205; x_wconf 88' lang='lat' dir='ltr'><strong>sui</strong></span> <span class='ocrx_word' id='word_1_105' title='bbox 558 1160 638 1220; x_wconf 88' lang='lat' dir='ltr'><strong>operis.</strong></span> <span class='ocrx_word' id='word_1_106' title='bbox 662 1158 748 1208; x_wconf 83' lang='lat' dir='ltr'><strong>Casum</strong></span> 
     </span>
     <span class='ocr_line' id='line_1_17' title="bbox 80 1221 749 1287; baseline -0.001 -14"><span class='ocrx_word' id='word_1_107' title='bbox 80 1221 204 1273; x_wconf 73' lang='lat' dir='ltr'><strong>Cremonae</strong></span> <span class='ocrx_word' id='word_1_108' title='bbox 212 1224 271 1270; x_wconf 91' lang='lat' dir='ltr'><strong>bello</strong></span> <span class='ocrx_word' id='word_1_109' title='bbox 278 1224 447 1286; x_wconf 82' lang='lat' dir='ltr'><strong>imputandum:</strong></span> <span class='ocrx_word' id='word_1_110' title='bbox 461 1224 546 1285; x_wconf 90' lang='lat' dir='ltr'><strong>majore</strong></span> <span class='ocrx_word' id='word_1_111' title='bbox 554 1224 642 1281; x_wconf 86' lang='lat' dir='ltr'><strong>damno,</strong></span> <span class='ocrx_word' id='word_1_112' title='bbox 651 1225 749 1287; x_wconf 75' lang='lat' dir='ltr'><strong>plurIum</strong></span> 
     </span>
     <span class='ocr_line' id='line_1_18' title="bbox 78 1288 750 1352; baseline 0 -15"><span class='ocrx_word' id='word_1_113' title='bbox 78 1290 169 1337; x_wconf 90' lang='lat' dir='ltr'><strong>urbium</strong></span> <span class='ocrx_word' id='word_1_114' title='bbox 180 1290 291 1344; x_wconf 88' lang='lat' dir='ltr'><strong>exscidiis,</strong></span> <span class='ocrx_word' id='word_1_115' title='bbox 299 1296 388 1336; x_wconf 83' lang='lat' dir='ltr'><strong>veteres</strong></span> <span class='ocrx_word' id='word_1_116' title='bbox 395 1288 477 1336; x_wconf 81' lang='lat' dir='ltr'><strong>civium</strong></span> <span class='ocrx_word' id='word_1_117' title='bbox 488 1289 611 1336; x_wconf 83' lang='lat' dir='ltr'><strong>discordias</strong></span> <span class='ocrx_word' id='word_1_118' title='bbox 621 1291 750 1352; x_wconf 70' lang='lat' dir='ltr'><strong>reipublicae</strong></span> 
     </span>
     <span class='ocr_line' id='line_1_19' title="bbox 79 1353 749 1417; baseline 0 -14"><span class='ocrx_word' id='word_1_119' title='bbox 79 1354 177 1403; x_wconf 75' lang='lat' dir='ltr'><strong>stetisse,</strong></span> <span class='ocrx_word' id='word_1_120' title='bbox 210 1353 266 1400; x_wconf 91' lang='lat' dir='ltr'><strong>Non</strong></span> <span class='ocrx_word' id='word_1_121' title='bbox 277 1369 302 1400; x_wconf 93' lang='lat' dir='ltr'><strong>se</strong></span> <span class='ocrx_word' id='word_1_122' title='bbox 312 1354 404 1410; x_wconf 90' lang='lat' dir='ltr'><strong>nuntiis,</strong></span> <span class='ocrx_word' id='word_1_123' title='bbox 421 1369 494 1416; x_wconf 88' lang='lat' dir='ltr'><strong>neque</strong></span> <span class='ocrx_word' id='word_1_124' title='bbox 506 1355 616 1417; x_wconf 83' lang='lat' dir='ltr'><strong>epistolis,</strong></span> <span class='ocrx_word' id='word_1_125' title='bbox 630 1355 670 1402; x_wconf 89' lang='lat' dir='ltr'><strong>sed</strong></span> <span class='ocrx_word' id='word_1_126' title='bbox 679 1371 749 1403; x_wconf 92' lang='lat' dir='ltr'><strong>manu</strong></span> 
     </span>
     <span class='ocr_line' id='line_1_20' title="bbox 79 1419 749 1482; baseline 0 -14"><span class='ocrx_word' id='word_1_127' title='bbox 79 1427 105 1468; x_wconf 80' lang='lat' dir='ltr'><strong>et</strong></span> <span class='ocrx_word' id='word_1_128' title='bbox 115 1420 183 1467; x_wconf 88' lang='lat' dir='ltr'><strong>armis</strong></span> <span class='ocrx_word' id='word_1_129' title='bbox 194 1420 322 1482; x_wconf 90' lang='lat' dir='ltr'><strong>imperatori</strong></span> <span class='ocrx_word' id='word_1_130' title='bbox 334 1435 375 1466; x_wconf 90' lang='lat' dir='ltr'><strong>suo</strong></span> <span class='ocrx_word' id='word_1_131' title='bbox 386 1420 494 1467; x_wconf 86' lang='lat' dir='ltr'><strong>militare:</strong></span> <span class='ocrx_word' id='word_1_132' title='bbox 514 1435 588 1481; x_wconf 89' lang='lat' dir='ltr'><strong>neque</strong></span> <span class='ocrx_word' id='word_1_133' title='bbox 598 1419 689 1468; x_wconf 88' lang='lat' dir='ltr'><strong>officere</strong></span> <span class='ocrx_word' id='word_1_134' title='bbox 697 1421 749 1482; x_wconf 87' lang='lat' dir='ltr'><strong>glo·</strong></span> 
     </span>
     <span class='ocr_line' id='line_1_21' title="bbox 79 1485 750 1548; baseline 0 -15"><span class='ocrx_word' id='word_1_135' title='bbox 79 1485 121 1533; x_wconf 80' lang='lat' dir='ltr'><strong>riae</strong></span> <span class='ocrx_word' id='word_1_136' title='bbox 136 1500 221 1539; x_wconf 88' lang='lat' dir='ltr'><strong>eorum,</strong></span> <span class='ocrx_word' id='word_1_137' title='bbox 238 1485 276 1546; x_wconf 91' lang='lat' dir='ltr'><strong>qui</strong></span> <span class='ocrx_word' id='word_1_138' title='bbox 296 1485 376 1532; x_wconf 82' lang='lat' dir='ltr'><strong>Asiam</strong></span> <span class='ocrx_word' id='word_1_139' title='bbox 395 1486 485 1532; x_wconf 88' lang='lat' dir='ltr'><strong>interim</strong></span> <span class='ocrx_word' id='word_1_140' title='bbox 505 1486 685 1548; x_wconf 85' lang='lat' dir='ltr'><strong>composuerint:</strong></span> <span class='ocrx_word' id='word_1_141' title='bbox 696 1485 750 1546; x_wconf 66' lang='lat' dir='ltr'><strong>uillis</strong></span> 
     </span>
     <span class='ocr_line' id='line_1_22' title="bbox 79 1548 750 1612; baseline 0 -14"><span class='ocrx_word' id='word_1_142' title='bbox 79 1548 176 1598; x_wconf 82' lang='lat' dir='ltr'><strong>Moesiae</strong></span> <span class='ocrx_word' id='word_1_143' title='bbox 192 1564 278 1612; x_wconf 88' lang='lat' dir='ltr'><strong>pacem,</strong></span> <span class='ocrx_word' id='word_1_144' title='bbox 295 1550 336 1596; x_wconf 89' lang='lat' dir='ltr'><strong>sibi</strong></span> <span class='ocrx_word' id='word_1_145' title='bbox 353 1550 449 1597; x_wconf 86' lang='lat' dir='ltr'><strong>salutern</strong></span> <span class='ocrx_word' id='word_1_146' title='bbox 464 1551 652 1610; x_wconf 80' lang='lat' dir='ltr'><strong>securitatemque</strong></span> <span class='ocrx_word' id='word_1_147' title='bbox 669 1549 750 1608; x_wconf 83' lang='lat' dir='ltr'><strong>Italiae,</strong></span> 
     </span>
     <span class='ocr_line' id='line_1_23' title="bbox 79 1613 749 1678; baseline 0.001 -15"><span class='ocrx_word' id='word_1_148' title='bbox 79 1615 143 1663; x_wconf 89' lang='lat' dir='ltr'><strong>cordi</strong></span> <span class='ocrx_word' id='word_1_149' title='bbox 154 1614 231 1663; x_wconf 85' lang='lat' dir='ltr'><strong>fuisse.</strong></span> <span class='ocrx_word' id='word_1_150' title='bbox 255 1613 306 1661; x_wconf 85' lang='lat' dir='ltr'><strong>Suis</strong></span> <span class='ocrx_word' id='word_1_151' title='bbox 314 1616 505 1663; x_wconf 86' lang='lat' dir='ltr'><strong>exhortationibus</strong></span> <span class='ocrx_word' id='word_1_152' title='bbox 515 1616 601 1664; x_wconf 87' lang='lat' dir='ltr'><strong>Gallias</strong></span> <span class='ocrx_word' id='word_1_153' title='bbox 614 1615 749 1678; x_wconf 86' lang='lat' dir='ltr'><strong>Hispanias-</strong></span> 
     </span>
     <span class='ocr_line' id='line_1_24' title="bbox 80 1680 749 1743; baseline 0.004 -17"><span class='ocrx_word' id='word_1_154' title='bbox 80 1694 133 1741; x_wconf 88' lang='lat' dir='ltr'><strong>que,</strong></span> <span class='ocrx_word' id='word_1_155' title='bbox 150 1680 309 1727; x_wconf 85' lang='lat' dir='ltr'><strong>validissimam</strong></span> <span class='ocrx_word' id='word_1_156' title='bbox 320 1687 429 1728; x_wconf 88' lang='lat' dir='ltr'><strong>terrarum</strong></span> <span class='ocrx_word' id='word_1_157' title='bbox 440 1689 533 1743; x_wconf 85' lang='lat' dir='ltr'><strong>partem,</strong></span> <span class='ocrx_word' id='word_1_158' title='bbox 545 1681 573 1727; x_wconf 88' lang='lat' dir='ltr'><strong>ad</strong></span> <span class='ocrx_word' id='word_1_159' title='bbox 584 1680 749 1743; x_wconf 81' lang='lat' dir='ltr'><strong>Vespasianum</strong></span> 
     </span>
     <span class='ocr_line' id='line_1_25' title="bbox 79 1744 749 1810; baseline 0.007 -20"><span class='ocrx_word' id='word_1_160' title='bbox 79 1759 209 1791; x_wconf 77' lang='lat' dir='ltr'><strong>conversas</strong></span> <span class='ocrx_word' id='word_1_161' title='bbox 243 1744 288 1792; x_wconf 85' lang='lat' dir='ltr'><strong>Sed</strong></span> <span class='ocrx_word' id='word_1_162' title='bbox 298 1746 405 1793; x_wconf 83' lang='lat' dir='ltr'><strong>cecidisse</strong></span> <span class='ocrx_word' id='word_1_163' title='bbox 415 1746 439 1792; x_wconf 90' lang='lat' dir='ltr'><strong>in</strong></span> <span class='ocrx_word' id='word_1_164' title='bbox 449 1747 536 1793; x_wconf 87' lang='lat' dir='ltr'><strong>irritum</strong></span> <span class='ocrx_word' id='word_1_165' title='bbox 547 1747 643 1803; x_wconf 84' lang='lat' dir='ltr'><strong>labores,</strong></span> <span class='ocrx_word' id='word_1_166' title='bbox 660 1748 679 1793; x_wconf 88' lang='lat' dir='ltr'><strong>si</strong></span> <span class='ocrx_word' id='word_1_167' title='bbox 689 1762 749 1810; x_wconf 85' lang='lat' dir='ltr'><strong>prae·</strong></span> 
     </span>
     <span class='ocr_line' id='line_1_26' title="bbox 80 1809 749 1873; baseline 0.007 -18"><span class='ocrx_word' id='word_1_168' title='bbox 80 1811 130 1856; x_wconf 88' lang='lat' dir='ltr'><strong>mla</strong></span> <span class='ocrx_word' id='word_1_169' title='bbox 138 1809 289 1870; x_wconf 87' lang='lat' dir='ltr'><strong>periculorum</strong></span> <span class='ocrx_word' id='word_1_170' title='bbox 303 1811 346 1857; x_wconf 90' lang='lat' dir='ltr'><strong>soli</strong></span> <span class='ocrx_word' id='word_1_171' title='bbox 359 1819 512 1872; x_wconf 85' lang='lat' dir='ltr'><strong>assequantur,</strong></span> <span class='ocrx_word' id='word_1_172' title='bbox 529 1812 567 1872; x_wconf 92' lang='lat' dir='ltr'><strong>qui</strong></span> <span class='ocrx_word' id='word_1_173' title='bbox 582 1812 687 1873; x_wconf 90' lang='lat' dir='ltr'><strong>periculis</strong></span> <span class='ocrx_word' id='word_1_174' title='bbox 702 1827 749 1860; x_wconf 89' lang='lat' dir='ltr'><strong>uon</strong></span> 
     </span>
     <span class='ocr_line' id='line_1_27' title="bbox 80 1873 751 1938; baseline 0.004 -16"><span class='ocrx_word' id='word_1_175' title='bbox 80 1873 208 1922; x_wconf 71' lang='lat' dir='ltr'><strong>adsumat</strong></span> <span class='ocrx_word' id='word_1_176' title='bbox 232 1874 285 1923; x_wconf 85' lang='lat' dir='ltr'><strong>Nec</strong></span> <span class='ocrx_word' id='word_1_177' title='bbox 294 1873 394 1923; x_wconf 75' lang='lat' dir='ltr'><strong>fefellere</strong></span> <span class='ocrx_word' id='word_1_178' title='bbox 405 1892 432 1923; x_wconf 86' lang='lat' dir='ltr'><strong>ea</strong></span> <span class='ocrx_word' id='word_1_179' title='bbox 443 1876 591 1923; x_wconf 86' lang='lat' dir='ltr'><strong>Mucianum:</strong></span> <span class='ocrx_word' id='word_1_180' title='bbox 605 1877 658 1923; x_wconf 89' lang='lat' dir='ltr'><strong>inde</strong></span> <span class='ocrx_word' id='word_1_181' title='bbox 669 1892 751 1938; x_wconf 80' lang='lat' dir='ltr'><strong>graves</strong></span> 
     </span>
     <span class='ocr_line' id='line_1_28' title="bbox 80 1939 750 2003; baseline 0.004 -16"><span class='ocrx_word' id='word_1_182' title='bbox 80 1939 221 1998; x_wconf 63' lang='lat' dir='ltr'><strong>simultatem</strong></span> <span class='ocrx_word' id='word_1_183' title='bbox 238 1955 293 2001; x_wconf 87' lang='lat' dir='ltr'><strong>quas</strong></span> <span class='ocrx_word' id='word_1_184' title='bbox 304 1940 419 1989; x_wconf 80' lang='lat' dir='ltr'><strong>Antonius</strong></span> <span class='ocrx_word' id='word_1_185' title='bbox 428 1942 557 2003; x_wconf 83' lang='lat' dir='ltr'><strong>simplicius,</strong></span> <span class='ocrx_word' id='word_1_186' title='bbox 569 1941 692 1990; x_wconf 84' lang='lat' dir='ltr'><strong>Mucianus</strong></span> <span class='ocrx_word' id='word_1_187' title='bbox 704 1943 750 1990; x_wconf 85' lang='lat' dir='ltr'><strong>cal-</strong></span> 
     </span>
     <span class='ocr_line' id='line_1_29' title="bbox 79 2005 523 2068; baseline 0.002 -15"><span class='ocrx_word' id='word_1_188' title='bbox 79 2005 133 2061; x_wconf 85' lang='lat' dir='ltr'><strong>lide,</strong></span> <span class='ocrx_word' id='word_1_189' title='bbox 150 2020 223 2066; x_wconf 90' lang='lat' dir='ltr'><strong>eoque</strong></span> <span class='ocrx_word' id='word_1_190' title='bbox 233 2006 394 2068; x_wconf 82' lang='lat' dir='ltr'><strong>implacabilius</strong></span> <span class='ocrx_word' id='word_1_191' title='bbox 404 2007 523 2054; x_wconf 82' lang='lat' dir='ltr'><strong>nutriebat.</strong></span> 
     </span>
    </p>

    <p class='ocr_par' dir='ltr' id='par_1_4' title="bbox 79 2068 751 2192">
     <span class='ocr_line' id='line_1_30' title="bbox 113 2068 749 2135; baseline 0.003 -18"><span class='ocrx_word' id='word_1_192' title='bbox 113 2068 182 2117; x_wconf 86' lang='lat' dir='ltr'><strong>LIV.</strong></span> <span class='ocrx_word' id='word_1_193' title='bbox 198 2070 232 2118; x_wconf 80' lang='lat' dir='ltr'><strong>At</strong></span> <span class='ocrx_word' id='word_1_194' title='bbox 243 2069 356 2127; x_wconf 86' lang='lat' dir='ltr'><strong>Vitellius,</strong></span> <span class='ocrx_word' id='word_1_195' title='bbox 373 2072 449 2119; x_wconf 84' lang='lat' dir='ltr'><strong>fractis</strong></span> <span class='ocrx_word' id='word_1_196' title='bbox 460 2072 519 2135; x_wconf 89' lang='lat' dir='ltr'><strong>apud</strong></span> <span class='ocrx_word' id='word_1_197' title='bbox 531 2069 667 2120; x_wconf 86' lang='lat' dir='ltr'><strong>Cremonam</strong></span> <span class='ocrx_word' id='word_1_198' title='bbox 676 2073 749 2128; x_wconf 84' lang='lat' dir='ltr'><strong>rebus,</strong></span> 
     </span>
     <span class='ocr_line' id='line_1_31' title="bbox 79 2135 751 2192; baseline 0.003 -8"><span class='ocrx_word' id='word_1_199' title='bbox 79 2136 173 2184; x_wconf 84' lang='lat' dir='ltr'><strong>nuntios</strong></span> <span class='ocrx_word' id='word_1_200' title='bbox 181 2136 250 2184; x_wconf 88' lang='lat' dir='ltr'><strong>cladis</strong></span> <span class='ocrx_word' id='word_1_201' title='bbox 257 2137 379 2191; x_wconf 84' lang='lat' dir='ltr'><strong>occultans,</strong></span> <span class='ocrx_word' id='word_1_202' title='bbox 387 2135 456 2184; x_wconf 75' lang='lat' dir='ltr'><strong>stulti</strong></span> <span class='ocrx_word' id='word_1_203' title='bbox 461 2137 643 2192; x_wconf 85' lang='lat' dir='ltr'><strong>dissimulatione,</strong></span> <span class='ocrx_word' id='word_1_204' title='bbox 654 2138 751 2186; x_wconf 79' lang='lat' dir='ltr'><strong>remedIa</strong></span> 
     </span>
    </p>

    <p class='ocr_par' dir='ltr' id='par_1_5' title="bbox 111 2201 751 2264">
     <span class='ocr_line' id='line_1_32' title="bbox 111 2201 751 2264; baseline 0.005 -17"><span class='ocrx_word' id='word_1_205' title='bbox 111 2202 156 2261; x_wconf 85' lang='lat' dir='ltr'><strong>tius</strong></span> <span class='ocrx_word' id='word_1_206' title='bbox 167 2201 284 2256; x_wconf 88' lang='lat' dir='ltr'><strong>malorum,</strong></span> <span class='ocrx_word' id='word_1_207' title='bbox 293 2217 360 2263; x_wconf 91' lang='lat' dir='ltr'><strong>quam</strong></span> <span class='ocrx_word' id='word_1_208' title='bbox 371 2202 437 2260; x_wconf 66' lang='lat' dir='ltr'><strong>mala</strong></span> <span class='ocrx_word' id='word_1_209' title='bbox 449 2201 570 2250; x_wconf 82' lang='lat' dir='ltr'><strong>differebat</strong></span> <span class='ocrx_word' id='word_1_210' title='bbox 596 2202 687 2264; x_wconf 84' lang='lat' dir='ltr'><strong>Quippe</strong></span> <span class='ocrx_word' id='word_1_211' title='bbox 695 2218 751 2250; x_wconf 88' lang='lat' dir='ltr'><strong>con-</strong></span> 
     </span>
    </p>

    <p class='ocr_par' dir='ltr' id='par_1_6' title="bbox 76 2267 765 2590">
     <span class='ocr_line' id='line_1_33' title="bbox 96 2267 751 2330; baseline 0 -16"><span class='ocrx_word' id='word_1_212' title='bbox 96 2267 153 2314; x_wconf 86' lang='lat' dir='ltr'><strong>tenti</strong></span> <span class='ocrx_word' id='word_1_213' title='bbox 164 2267 346 2328; x_wconf 77' lang='lat' dir='ltr'><strong>consultantique</strong></span> <span class='ocrx_word' id='word_1_214' title='bbox 357 2275 489 2329; x_wconf 91' lang='lat' dir='ltr'><strong>supererant</strong></span> <span class='ocrx_word' id='word_1_215' title='bbox 500 2283 551 2330; x_wconf 84' lang='lat' dir='ltr'><strong>spes</strong></span> <span class='ocrx_word' id='word_1_216' title='bbox 562 2268 678 2328; x_wconf 85' lang='lat' dir='ltr'><strong>viresque:</strong></span> <span class='ocrx_word' id='word_1_217' title='bbox 698 2283 751 2314; x_wconf 86' lang='lat' dir='ltr'><strong>curn</strong></span> 
     </span>
     <span class='ocr_line' id='line_1_34' title="bbox 78 2331 755 2395; baseline 0.001 -16"><span class='ocrx_word' id='word_1_218' title='bbox 78 2346 95 2379; x_wconf 84' lang='lat' dir='ltr'><strong>e</strong></span> <span class='ocrx_word' id='word_1_219' title='bbox 109 2333 224 2381; x_wconf 84' lang='lat' dir='ltr'><strong>contrario</strong></span> <span class='ocrx_word' id='word_1_220' title='bbox 234 2332 288 2379; x_wconf 76' lang='lat' dir='ltr'><strong>laste</strong></span> <span class='ocrx_word' id='word_1_221' title='bbox 298 2333 374 2379; x_wconf 83' lang='lat' dir='ltr'><strong>omnia</strong></span> <span class='ocrx_word' id='word_1_222' title='bbox 383 2332 486 2395; x_wconf 76' lang='lat' dir='ltr'><strong>fingeret</strong></span> <span class='ocrx_word' id='word_1_223' title='bbox 502 2331 565 2380; x_wconf 84' lang='lat' dir='ltr'><strong>falsis</strong></span> <span class='ocrx_word' id='word_1_224' title='bbox 575 2333 755 2395; x_wconf 82' lang='lat' dir='ltr'><strong>ingravescebat.</strong></span> 
     </span>
     <span class='ocr_line' id='line_1_35' title="bbox 79 2396 751 2460; baseline 0 -15"><span class='ocrx_word' id='word_1_225' title='bbox 79 2396 170 2445; x_wconf 80' lang='lat' dir='ltr'><strong>Mirum</strong></span> <span class='ocrx_word' id='word_1_226' title='bbox 181 2397 240 2460; x_wconf 87' lang='lat' dir='ltr'><strong>apud</strong></span> <span class='ocrx_word' id='word_1_227' title='bbox 250 2398 325 2459; x_wconf 89' lang='lat' dir='ltr'><strong>ipsum</strong></span> <span class='ocrx_word' id='word_1_228' title='bbox 342 2397 439 2444; x_wconf 84' lang='lat' dir='ltr'><strong>debello</strong></span> <span class='ocrx_word' id='word_1_229' title='bbox 449 2398 576 2444; x_wconf 81' lang='lat' dir='ltr'><strong>silentium:</strong></span> <span class='ocrx_word' id='word_1_230' title='bbox 596 2398 700 2460; x_wconf 88' lang='lat' dir='ltr'><strong>prohibiti</strong></span> <span class='ocrx_word' id='word_1_231' title='bbox 710 2414 751 2460; x_wconf 92' lang='lat' dir='ltr'><strong>per</strong></span> 
     </span>
     <span class='ocr_line' id='line_1_36' title="bbox 76 2462 753 2527; baseline 0.001 -16"><span class='ocrx_word' id='word_1_232' title='bbox 76 2462 195 2511; x_wconf 82' lang='lat' dir='ltr'><strong>civitatem</strong></span> <span class='ocrx_word' id='word_1_233' title='bbox 204 2477 334 2521; x_wconf 85' lang='lat' dir='ltr'><strong>sermones3</strong></span> <span class='ocrx_word' id='word_1_234' title='bbox 351 2478 424 2524; x_wconf 89' lang='lat' dir='ltr'><strong>eoque</strong></span> <span class='ocrx_word' id='word_1_235' title='bbox 430 2463 512 2526; x_wconf 89' lang='lat' dir='ltr'><strong>plures,</strong></span> <span class='ocrx_word' id='word_1_236' title='bbox 522 2465 566 2527; x_wconf 90' lang='lat' dir='ltr'><strong>(ac,</strong></span> <span class='ocrx_word' id='word_1_237' title='bbox 579 2463 688 2520; x_wconf 82' lang='lat' dir='ltr'><strong>alliceret,</strong></span> <span class='ocrx_word' id='word_1_238' title='bbox 697 2478 753 2512; x_wconf 85' lang='lat' dir='ltr'><strong>vere</strong></span> 
     </span>
     <span class='ocr_line' id='line_1_37' title="bbox 77 2525 765 2590; baseline -0.004 -15"><span class='ocrx_word' id='word_1_239' title='bbox 77 2525 202 2588; x_wconf 66' lang='lat' dir='ltr'><strong>meaturi)</strong></span> <span class='ocrx_word' id='word_1_240' title='bbox 224 2529 277 2590; x_wconf 87' lang='lat' dir='ltr'><strong>qula</strong></span> <span class='ocrx_word' id='word_1_241' title='bbox 294 2528 436 2586; x_wconf 77' lang='lat' dir='ltr'><strong>vetabantur,</strong></span> <span class='ocrx_word' id='word_1_242' title='bbox 459 2529 573 2581; x_wconf 83' lang='lat' dir='ltr'><strong>atrociora</strong></span> <span class='ocrx_word' id='word_1_243' title='bbox 595 2529 765 2590; x_wconf 59' lang='lat' dir='ltr'><strong>vulgaverant.</strong></span> 
     </span>
    </p>
   </div>
   <div class='ocr_carea' id='block_1_3' title="bbox 71 2592 804 2734">
    <p class='ocr_par' dir='ltr' id='par_1_7' title="bbox 71 2592 804 2734">
     <span class='ocr_line' id='line_1_38' title="bbox 75 2592 786 2662; baseline 0.013 -23"><span class='ocrx_word' id='word_1_244' title='bbox 75 2592 131 2640; x_wconf 83' lang='lat' dir='ltr'><strong>Nec</strong></span> <span class='ocrx_word' id='word_1_245' title='bbox 145 2593 215 2640; x_wconf 85' lang='lat' dir='ltr'><strong>duces</strong></span> <span class='ocrx_word' id='word_1_246' title='bbox 230 2593 332 2642; x_wconf 88' lang='lat' dir='ltr'><strong>bostium</strong></span> <span class='ocrx_word' id='word_1_247' title='bbox 351 2594 468 2662; x_wconf 77' lang='lat' dir='ltr'><strong>eugeniae</strong></span> <span class='ocrx_word' id='word_1_248' title='bbox 482 2593 558 2643; x_wconf 66' lang='lat' dir='ltr'><strong>lama</strong></span> <span class='ocrx_word' id='word_1_249' title='bbox 572 2593 681 2646; x_wconf 58' lang='lat' dir='ltr'><strong>beeranla</strong></span> <span class='ocrx_word' id='word_1_250' title='bbox 697 2599 786 2658; x_wconf 50' lang='lat' dir='ltr'><strong>&amp;w</strong></span> 
     </span>
     <span class='ocr_line' id='line_1_39' title="bbox 71 2654 804 2734; baseline 0.023 -28"><span class='ocrx_word' id='word_1_251' title='bbox 71 2654 160 2707; x_wconf 69' lang='lat' dir='ltr'><strong>Vitellii</strong></span> <span class='ocrx_word' id='word_1_252' title='bbox 168 2658 346 2725; x_wconf 53' lang='lat' dir='ltr'><strong>moratores,-</strong></span> <span class='ocrx_word' id='word_1_253' title='bbox 353 2662 634 2728; x_wconf 55' lang='lat' dir='ltr'><strong>mcummeraqueass</strong></span> <span class='ocrx_word' id='word_1_254' title='bbox 643 2657 740 2704; x_wconf 54' lang='lat' dir='ltr'><strong>“iffi“</strong></span> <span class='ocrx_word' id='word_1_255' title='bbox 746 2660 804 2734; x_wconf 46' lang='grc' dir='ltr'><strong>’Ὺ</strong></span> 
     </span>
    </p>
   </div>
   <div class='ocr_carea' id='block_1_4' title="bbox 0 0 846 3298">
    <p class='ocr_par' dir='ltr' id='par_1_8' title="bbox 0 0 846 3298">
     <span class='ocr_line' id='line_1_40' title="bbox 0 0 846 3298; baseline 0 0"><span class='ocrx_word' id='word_1_256' title='bbox 0 0 846 3298; x_wconf 95' lang='lat' dir='ltr'><strong> </strong></span> 
     </span>
    </p>
   </div>
  </div>
 </body>
</html>
