1612 3150
25 84 86 117 nem.
111 21 572 130 “Interimverfflnitsssvuuffsgftlefmgtisisa

23 150 103 183 cussor
117 132 211 189 Vitellii,
227 131 380 179 insimulatur:
399 140 422 179 et
436 134 512 179 ruebat
523 135 573 181 ade

26 199 97 253 miles,
118 205 214 245 mortem
233 194 338 259 Verginii
360 211 491 259 exposcens.
525 198 563 246 Ne

26 265 124 326 quidem,
141 276 275 324 quamquam
293 261 321 309 ad
338 276 416 308 omnes
435 262 572 325 suspiciones

27 330 56 376 de
73 326 202 376 innocentia
219 328 267 389 ejus
281 326 402 374 dubitauit:
422 342 483 390 aegre
501 336 576 377 tamen

28 395 67 454 qui
84 393 178 440 exitium
195 393 237 438 viri
254 390 384 447 consularis,
401 397 424 438 et
441 394 553 453 quondam
571 411 578 442 ι

27 459 165 522 flagitabant.
197 454 249 504 Nec
266 472 332 518 quem
348 471 399 504 uam
418 459 506 521 saepius,
522 474 579 521 quan

28 525 98 579 nium,
115 522 189 570 omnis
207 521 286 570 seditio
308 522 315 568 i
340 523 432 569 estavit:
453 525 556 572 manebat
577 544 580 569 a

29 590 72 636 viri
83 596 107 635 et
117 587 191 644 famu
208 586 247 634 sed
257 587 356 641 oderant,
373 594 398 633 ut
408 586 507 636 fastiditi.

63 651 159 699 LXIX.
176 650 271 700 Postero
286 651 327 706 die,
345 650 457 708 Vitellius,
474 653 582 701 senatus}

31 732 99 780 quam
117 717 147 764 ini
165 716 261 781 opperiri
275 717 378 779 jusserat,
401 716 483 775 auditi,
500 716 583 783 transgi

31 791 110 839 castra,
127 782 186 829 ultro
199 783 305 845 pietatem
321 780 417 828 militum
432 783 582 842 collaudavit;

32 849 91 896 tibus
110 847 204 903 auxiliis,
220 853 307 893 tantum
326 844 464 908 impunitatis
480 856 546 910 atque
563 864 585 895 ar

32 913 161 976 legionariis
172 913 299 960 accessisse.
323 908 435 969 cohortes
446 912 587 969 Batavorum:

34 978 182 1026 truculentius
192 976 306 1031 auderent,
317 977 340 1023 in
353 975 498 1025 Germaniam
510 980 588 1025 remiss

34 1044 116 1105 nipium
124 1044 212 1090 interno
220 1041 286 1089 simul
294 1049 433 1103 externoque
439 1043 498 1090 bello
506 1045 589 1106 putanti

35 1108 133 1155 Reddita
149 1107 275 1155 civitatibus
293 1106 411 1154 Gnilnrum
423 1108 510 1163 auxilia,
528 1109 590 1173 ingen

36 1189 81 1227 rus,
98 1180 121 1219 et
132 1171 205 1252 prinu&
222 1172 296 1218 statim
311 1170 436 1219 defectione
445 1173 505 1219 inter
515 1173 590 1221 inania
