1612 3150
206 33 301 64 Metu,
320 37 467 78 uolucrumque
669 48 691 66 ω

169 82 265 130 Vitellio
274 82 359 129 bellum
375 91 456 143 sponte
467 42 596 137 sumebant,
608 83 676 146 I⁴oro
679 101 691 130 u

169 149 261 204 Ioniam,
270 147 367 195 claustra
377 148 452 201 utaris,
462 149 568 224 praeaidio
580 150 683 196 tuebatur

169 221 257 270 auctor,
274 213 334 274 quod
350 211 445 259 Paulino
462 214 534 274 patria
552 213 636 260 Forum
651 213 689 262 lul

171 279 230 340 apud
246 279 400 340 praetorianoa,
417 292 512 338 quorum
524 278 636 339 quondam
648 280 689 325 trib

170 342 263 406 Ipsique
274 344 362 405 pagani,
378 342 456 390 lavore
467 343 595 404 municipali
605 352 628 390 et
638 343 688 390 futu

171 424 217 470 apa,
230 411 312 471 juvare
322 421 397 471 partes
408 408 578 454 annitebantur:
597 424 649 469 quae
663 410 688 455 ul

170 489 215 527 ma,
232 482 255 520 et
266 481 332 520 aucta
342 488 438 525 rumore.
451 474 509 535 apud
520 475 594 520 varioa
605 473 687 520 Vitelli

170 554 221 585 moa
237 535 375 591 increbuere,
392 536 475 584 Fabius
489 537 574 585 Valens
590 554 642 585 eum
652 554 687 599 qu:

170 604 278 650 latoribus
296 611 319 649 et
333 603 405 650 tribus
416 604 499 658 arnicia,
517 604 610 650 totidem
621 610 686 650 centu

171 684 242 715 naves
258 668 397 729 regreditur:
417 668 511 715 Maturo
530 669 686 729 eaeterisquer

168 735 193 778 iu
206 734 273 780 verba
284 731 417 795 Vespasiani
429 734 496 796 adigi.
508 733 635 780 volentibus
646 733 685 781 luit

170 807 197 844 ut
208 812 270 845 mare
283 799 354 845 tutius
366 797 467 853 Valenti,
484 813 551 860 quam
567 799 633 845 litora
651 808 685 845 aut

168 863 239 909 futuri
257 862 383 923 ambiguus,
400 870 424 909 et
442 864 522 925 magia,
538 865 592 925 quid
611 865 684 911 vitare

169 927 254 982 fideret,
272 935 353 980 eertua,
371 927 466 974 aduersa
475 936 609 991 tempestate
620 929 683 976 stoee

168 993 292 1039 §iliensium
303 992 394 1048 inaulaa,
411 992 515 1041 affertur:
534 994 564 1040 ibi
572 1009 625 1042 eum
633 994 683 1042 mlta

170 1057 300 1105 Liburnicae
310 1056 448 1120 oppressare.

203 1120 298 1170 XLIV.
315 1122 390 1184 Capto
410 1123 514 1179 Valente,
530 1133 613 1172 cuncta
628 1124 656 1172 ad
672 1141 682 1172 t

166 1202 286 1238 conversa.
303 1188 367 1235 initio
386 1204 426 1242 per
445 1187 579 1246 Hispaniam
597 1205 611 1236 ι
629 1192 681 1250 prin
