1612 3150
22 66 95 99 xvir.
112 60 172 99 Mox
183 63 292 109 senatum,
310 52 435 116 compositi
451 54 473 99 in
488 52 593 116 magnili-

40 119 146 172 orntione,
164 119 280 173 allocutus,
298 120 415 179 exquisitis
432 128 520 180 patrum
539 120 593 164 udu-

22 199 44 228 m
63 184 178 230 attollitur.
220 184 313 230 Initium
334 186 415 231 atrocis
434 186 457 230 in
478 184 594 231 Caeeinam

24 264 44 294 ae
62 264 75 294 a
92 248 121 295 L.
131 249 224 296 Vitellio
241 250 340 297 factum:
361 251 412 296 dein
430 250 514 302 caeteri,
531 265 594 295 corn·

25 314 176 375 ndignatlone,
192 316 253 375 quod
270 316 348 362 consul
367 315 532 377 rempublicam,
548 314 596 360 dux

25 394 88 433 irem,
105 381 174 426 tentis
184 381 270 443 opibus,
282 388 316 428 tot
328 381 450 427 honoribus
460 379 600 434 cumulatus,

33 444 172 505 prodidisset,
189 446 252 492 velut
262 462 304 509 pro
314 444 410 492 Vitellio
424 451 595 506 conquerentes,

29 510 102 556 lorern
112 510 261 572 proferebant.
296 510 367 557 Nullo
375 512 399 557 iu
407 511 509 557 oratioue
519 510 595 573 eujus·

30 589 57 637 ζα
68 574 189 623 Flavianos
200 577 268 623 duces
274 576 419 623 obtrectatio:
440 591 538 623 errorem
550 575 594 621 im·

32 655 108 701 unque
118 643 258 689 exercituum
269 642 393 703 culpantes,
410 640 544 703 Vespasiani
552 656 595 687 no·

34 707 90 752 tenti
101 712 125 753 et
135 707 251 754 vitabundi
262 709 415 755 circumibunt
449 705 500 753 Nee
517 705 595 760 defuit,

35 787 43 816 r
52 772 183 818 consulatus
194 774 252 819 diem
266 774 296 836 (in
308 774 368 819 enim
377 774 400 819 in
409 772 484 818 locum
494 769 595 819 caectnae

39 834 50 897 )
68 850 153 899 magno
171 852 222 884 cum
240 839 306 884 irrisu
324 836 595 899 tribuentinaccipientis·

40 901 148 949 odiretur.
184 903 260 950 Pridie
279 903 331 950 Kal.
349 901 492 949 Novembres
508 901 594 957 Rosius

41 967 97 1021 iniit,
112 969 257 1031 eJutuvitque.
291 969 438 1015 Annotabant
448 968 522 1031 periti,
535 981 594 1013 nun·

43 1046 81 1085 zen,
98 1047 144 1079 non
165 1034 274 1096 abrogato
292 1036 432 1095 magistratu,
450 1048 524 1093 neque
542 1032 595 1094 lege

44 1112 62 1142 n
73 1096 204 1145 suffectum:
225 1115 277 1145 nam
288 1099 368 1145 consul
384 1114 431 1145 uno
448 1098 484 1144 die
501 1104 524 1144 et
540 1104 594 1144 ante

47 1162 124 1209 ninius
141 1162 242 1217 Rebilus,
261 1162 290 1212 C.
301 1162 394 1212 Caesare
409 1165 524 1219 dictatore,
541 1177 594 1209 cum

49 1229 161 1274 sommi·
174 1228 311 1262 ta„·:„„..-..
