1612 3150
362 12 446 58 majore
469 3 538 43 aetruu
555 10 596 41 ex·

110 99 128 107 ,.
137 77 203 123 „quur
214 72 258 127 tom
270 61 428 107 insatiabilibus
440 62 510 107 oculis
521 62 596 121 perlu-

27 127 119 172 dieitur:
140 143 179 173 seu
190 133 238 172 tum
249 127 344 187 primum
356 126 430 171 levato
441 127 501 171 omni
513 127 595 172 sollici-

22 206 82 237 mens
94 206 173 237 vocare
183 193 265 252 gaudio
283 198 396 251 coeterum
414 206 453 236 seu
471 191 594 237 recordatio

22 257 54 302 ‚tis
71 257 94 301 in
113 254 190 309 Gnlbi,
207 255 311 301 amicitiae
326 256 348 300 in
360 254 388 300 T.
400 253 475 309 Vinio,
492 255 594 314 quemvis

22 336 40 365 n
51 321 150 367 animum
160 321 258 382 imagine
266 320 323 366 tristi
332 319 476 365 confuderat:
496 318 593 374 Pisonis,

22 386 58 430 rici
75 392 100 431 et
115 385 195 437 aemuli,
212 384 274 431 caede
284 384 364 439 laetari,
376 384 415 445 jus
425 382 503 444 fasque
513 384 591 431 erede·

22 447 108 495 lraefixs
117 450 189 495 contis
200 449 270 510 cupito
287 450 437 510 gestabantur,
454 449 511 495 inter
527 450 592 511 signu

22 529 62 568 um,
74 515 140 575 juxto
156 515 253 574 aquilum
269 513 377 575 legionis:
398 514 499 559 certatim
512 522 590 560 osteu-

22 594 26 623 ι
42 587 145 625 cruentus
159 594 245 630 monus,
262 580 299 638 qui
315 577 448 631 occiderunt,
465 579 503 637 qui
520 579 589 624 inter-

39 643 147 703 quivere,
164 644 202 703 qui
212 643 275 696 falso,
293 653 317 689 ut
328 643 445 704 pulchrum
464 651 486 688 et
502 658 589 690 merno-

28 709 105 763 toinus,
117 709 239 770 jtsetebaut.
272 706 352 753 Plures
363 722 429 768 quam
442 704 514 755 CXX
526 708 588 755 libel-

33 773 68 819 oiu
77 774 252 834 exposcentium,
269 772 297 818 ob
308 773 403 832 aliquam
418 773 536 818 notabilem
551 771 589 819 illi

39 852 69 892 m,
83 837 188 885 Vitellius
197 844 274 899 postes
284 838 384 883 invenit:
404 851 525 897 omnesque
532 852 586 882 con-

43 901 212 964 rterfieijussit5
229 917 275 948 non
286 903 372 948 honore
384 902 470 955 Golbae,
487 901 527 947 sed
541 911 587 949 tra-

47 967 117 1029 ipibus
127 982 197 1024 more,
214 967 378 1013 munimentum
395 966 421 1013 sd
439 981 544 1027 praesens,
561 966 585 1013 in

55 1033 165 1080 ultionem.

59 1098 131 1144 Alium
142 1097 243 1145 crederes
254 1105 362 1149 senatum,
379 1097 447 1143 olium
461 1096 581 1157 populum:

65 1164 72 1208 i
83 1164 106 1208 in
114 1170 193 1216 castro,
210 1164 294 1209 anteire
304 1163 425 1223 proximos,
437 1170 522 1207 sertore
533 1177 584 1208 cum

67 1228 114 1282 bus,
131 1228 245 1289 increpare
262 1228 364 1281 Galbam,
381 1227 470 1273 laudare
488 1226 584 1272 militum

73 1293 169 1339 ‘osculari
177 1292 274 1339 Othonis
282 1307 386 1338 monum:
401 1300 527 1353 quantoque
535 1306 584 1337 mo·

79 1367 105 1414 rt,
117 1372 168 1418 quae
179 1356 265 1410 fiebunt,
275 1365 337 1404 tento
349 1358 412 1418 pluro
421 1356 495 1402 favern
528 1354 553 1371 ”

84 1438 93 1462 r
113 1423 214 1462 ninonlmr
234 1422 293 1462 (Μν-
