1680 3298
67 470 165 516 son.
216 480 251 513 au
268 461 360 514 Lmv.
374 463 626 514 HISTORIARUM.
692 472 738 518 228

72 598 202 653 necesdtas,
222 613 275 645 curn
293 597 389 660 plurimi,
406 604 445 644 aut
462 595 524 644 fame
540 598 618 660 pressi,
635 605 673 645 aut
691 601 741 662 ejus

75 672 147 722 metu,
165 664 244 711 domos
260 669 392 724 penetraut3
409 670 439 718 et,
457 662 509 716 dum
522 662 540 709 si
554 663 607 725 quid
621 665 686 711 edule
703 681 743 712 oc·
767 688 771 693 ’

74 730 184 778 cultatum
195 729 310 782 rimantur,
321 734 402 775 cuncta
412 727 533 775 latrociniis
543 736 566 775 et
577 729 674 776 caedibus
685 730 745 777 mise

73 802 147 843 oent„
168 793 276 855 Populus,
293 793 328 839 his
338 793 402 840 maiis
412 794 491 848 victus,
510 793 557 840 vias
573 795 633 854 pacis
650 795 745 841 tandem

74 860 161 913 inisset,
178 860 202 905 ni
214 858 287 914 duces,
304 858 413 906 scelerum
423 856 559 905 conscientiis
569 857 661 914 feroces,
677 859 744 906 sana·

76 925 165 986 ticaque
184 932 261 971 uatum
280 923 349 974 turba,
373 929 456 982 quanto
476 923 595 968 instantius
615 923 745 980 discrimen,-

73 996 138 1039 tauto
149 991 274 1050 propiorem
283 986 500 1048 manifestioremque
512 985 558 1033 Dei
566 1003 630 1048 opem
634 989 743 1050 jactitan-

70 1056 137 1108 tium,
155 1053 252 1099 salubria
269 1051 403 1099 avertissent
419 1052 519 1098 consilia.
552 1051 585 1098 At
601 1062 695 1108 mentes,
713 1055 742 1100 ti-

76 1133 164 1166 morem
175 1118 233 1164 inter
243 1130 349 1178 spemque
359 1116 473 1178 ancipites,
490 1117 605 1164 turbabant
622 1118 670 1163 dira
684 1133 751 1178 prae-1

75 1183 148 1244 sagia,
164 1181 283 1244 suprajam
294 1187 423 1233 memorata,
440 1188 464 1227 et
474 1187 560 1228 atroces
568 1181 658 1229 exscidit
667 1183 745 1230 minae.

78 1247 171 1306 Nempe
187 1261 200 1292 e
213 1246 277 1307 plebe
293 1245 390 1306 quidam,
403 1244 472 1293 Jesus
485 1248 582 1302 nomine,
599 1246 755 1308 quadriennio·

80 1319 135 1358 ante
151 1311 278 1358 inchoatum
296 1311 379 1356 bellum
396 1311 475 1357 acerba
489 1311 512 1357 in
529 1311 644 1373 populum,
660 1312 746 1368 urbem,

80 1376 233 1438 templumque
243 1375 281 1421 diu
292 1390 319 1421 ac
330 1381 398 1422 noctu
405 1373 478 1423 fuerat
489 1375 635 1424 vociferatus:
649 1391 691 1423 nec
702 1377 746 1423 mi·

80 1441 117 1488 nis
129 1455 170 1487 neo
180 1440 307 1488 verberibus
317 1439 400 1486 aferali
411 1441 509 1486 carmine
517 1441 640 1488 destiterat.
664 1439 751 1504 Coepto

83 1506 144 1555 urbis
161 1505 254 1562 obsidio,
271 1505 334 1566 quasi
350 1502 410 1552 sacti
423 1505 539 1566 praesagiis
552 1505 602 1560 fide,
620 1514 714 1552 moestus
724 1512 750 1552 et

83 1571 107 1620 in
115 1576 162 1617 atra
170 1570 330 1632 cogitationum
341 1569 451 1624 conditus,
463 1570 574 1617 moenibus
585 1571 746 1624 obambulabat,

85 1635 215 1682 clamitans:
235 1641 248 1664 ‘⁴
257 1633 309 1690 Vae,
326 1649 362 1681 vae
372 1635 453 1681 iterum
464 1635 519 1689 urbi,
532 1635 620 1696 templo,
632 1635 713 1696 populo
723 1633 747 1682 !'’

86 1699 148 1747 Haec
159 1707 207 1746 tum
218 1700 372 1762 ingeminans:
387 1699 457 1754 “Vae,
469 1715 505 1746 vae
512 1701 565 1745 mihi
573 1698 598 1747 !''
610 1699 750 1756 exclamavit,

86 1764 214 1824 corruitque
225 1764 340 1821 exanimis,
348 1765 421 1826 lapide
428 1761 617 1810 ballistiexcusso
625 1778 752 1826 percussus.

84 1829 177 1876 Recens
185 1829 256 1875 adbuc
266 1836 402 1890 portentum,
411 1835 434 1876 et
445 1829 468 1874 in
478 1829 563 1875 tristius
574 1830 752 1890 interpretatum,

83 1894 182 1942 eesssvit
187 1894 245 1956 juge
256 1893 396 1940 sacrificium.
751 1934 753 1940 ⁴

120 1956 223 2019 [Talibus
239 1957 324 2005 eiierati
336 1957 411 2006 Judaei
421 1973 463 2020 per
473 1973 523 2004 suus
535 1966 622 2020 strages
633 1965 753 2021 vagantur,

84 2022 153 2075 ferro,
168 2020 265 2078 flammi,
277 2028 393 2079 tectorum,
405 2038 526 2077 murorum,
539 2039 647 2086 aggerum
659 2025 752 2071 subver-

84 2087 186 2136 sionibus
203 2086 321 2134 Romanos
338 2088 407 2143 obrui,
425 2095 489 2135 auta
503 2089 586 2150 templo
601 2089 671 2136 averti
687 2104 754 2151 posse

88 2151 182 2214 opinati.
214 2150 266 2198 Has
276 2153 335 2199 iuter
345 2153 428 2210 ruinas,
445 2152 652 2214 flammantibusque
662 2155 754 2214 portici·

89 2219 139 2272 bus,
156 2217 228 2277 patuit
240 2216 360 2279 magnifica
369 2218 447 2280 templi
456 2219 532 2265 facies.
564 2218 635 2274 Quasi
646 2219 757 2279 religione

91 2282 207 2336 attonitus,
225 2283 287 2329 stetit
304 2281 421 2331 Romanus
438 2284 558 2330 exercitus.
593 2283 657 2344 Opus
672 2283 715 2329 fuit
730 2290 759 2330 ut

92 2345 162 2394 'litus
168 2348 257 2409 juberet
268 2348 360 2394 ulterius
371 2348 452 2396 audere
458 2365 466 2406 ;
478 2355 507 2402 et,
519 2363 559 2408 per
569 2349 651 2395 violate
657 2349 705 2410 jam
713 2346 756 2395 Ju-

91 2413 148 2459 daeis
159 2427 227 2467 sacra,
239 2427 318 2474 poeuas
329 2413 356 2460 de
370 2420 440 2474 gente
451 2413 578 2459 hominibus
585 2413 676 2473 deisque
687 2411 760 2460 invisis

90 2478 140 2538 ejus
155 2478 253 2524 exscidio
267 2477 344 2540 repeti.
377 2478 461 2525 structi
475 2492 577 2540 aggeres,
594 2477 690 2524 admotae
701 2478 758 2524 vali-

94 2542 194 2590 dissimae
204 2543 328 2600 machinae3
345 2543 407 2589 inito
416 2549 491 2590 tamen
502 2543 583 2597 labore,
600 2544 628 2589 ob
639 2543 760 2590 immensas

92 2607 191 2669 lapidum
214 2607 292 2654 moles.
329 2607 448 2669 Appositse
468 2622 524 2669 ergo
543 2607 620 2667 templi
638 2607 759 2668 porticibus

90 2673 166 2720 scalae.
194 2671 245 2719 Nec
254 2673 398 2720 subeuntibus
409 2669 515 2720 obstitere
522 2670 610 2719 Judaei:
624 2679 654 2727 at,
666 2673 703 2719 ubi
713 2672 762 2733 pri·-

91 2752 154 2785 mum
170 2737 193 2782 in
210 2752 290 2784 manus
300 2745 417 2793 venerunt,
435 2737 512 2784 obvios
523 2736 667 2801 praecipitare,
684 2738 759 2799 proxi-

92 2817 143 2849 mos
154 2803 253 2856 obruere,
271 2803 342 2849 scalas
353 2808 464 2857 excutere,
482 2801 597 2848 deturbare
607 2801 727 2864 plurimos,
736 2802 767 2846 in

91 2866 195 2929 porticus
203 2868 252 2929 jam
264 2883 371 2931 egressos
379 2865 468 2917 fodere.
503 2866 595 2918 incisim
603 2861 781 2916 penarense

84 2929 158 2986 viseti
176 2933 218 2992 sed
239 2935 392 2995 multitudiue
416 2935 536 3006 oppressi,
554 2925 722 2987 connubunt
739 2929 781 2963 W

73 3001 190 3058 captaque
200 2999 272 3065 signa
284 3003 411 3060 Romana·
