1612 3150
228 51 242 60 ..
260 45 289 60 ..n
302 30 426 60 tonsurari:
447 20 513 61 trium
525 14 598 77 legio·

24 79 84 141 ipati,
100 93 164 139 pares
177 80 236 140 jure,
253 86 282 131 et,
299 80 411 141 prosperis
422 78 508 125 Vitellii
526 80 599 134 rebus,

24 144 39 189 ri
57 142 85 189 ad
102 142 238 205 obsequium,
255 143 370 189 adversans
388 145 435 205 ejus
446 144 558 190 fortunam
570 160 599 191 ex

24 208 181 255 detrectabunt
216 205 244 252 ln
264 206 344 253 Africi
362 208 421 269 legio
444 209 598 269 cohortesque,

23 288 27 317 ι
39 288 52 319 ιι
64 271 144 319 Clodio
156 272 244 325 Macro,
261 288 316 320 mox
327 288 341 319 ιι
353 271 426 319 Galbu
436 273 540 327 dimissae,
550 289 599 319 rur·

24 351 46 382 su
60 336 144 382 Vitellii
161 336 262 382 militiam
280 335 373 399 cepere·
394 339 460 383 simul
471 340 569 385 caelera'
559 354 599 402 Ju-

27 400 108 447 debut
101 402 198 465 impigre
215 401 319 449 nomina.
338 402 419 463 quippe
429 403 544 465 integrum
555 402 601 448 illic

29 464 123 513 rabilem
144 466 328 527 proconsulatum
352 464 465 519 Vitellius,
487 466 600 513 furnosum

31 545 89 606 que,
99 528 253 593 Vespasianus
272 538 363 594 egerat.
389 532 481 591 perinde
499 532 554 579 socii
574 532 602 577 tle

41 595 162 671 utriusque
177 597 347 658 conjectabant.
367 596 406 643 sed
423 594 601 657 experimentum

35 660 72 705 llll.

36 720 93 771 ylII.
117 722 155 772 Ae
173 725 246 788 primo
265 723 371 773 Valerius
391 723 479 780 Festus,
499 725 600 787 legatus.

39 788 197 839 rovincialium
213 806 264 837 curn
282 789 327 837 fide
338 790 412 851 juvit·
432 804 487 835 mox
504 790 602 843 nutabat,

41 854 119 905 tistulis
135 854 258 916 edictisque
269 854 395 907 Vitellium,
412 853 506 901 occultis
517 854 602 905 nuntiis

43 928 107 973 uum,
119 916 206 974 fovens,
218 928 241 967 et
251 921 300 967 haec
310 916 377 965 illave
388 918 526 973 defensurus,
535 925 602 981 prout

45 990 89 1029 ent.
110 981 254 1045 Deprehensi
265 1000 316 1031 eum
327 983 399 1030 literis
409 982 532 1044 edictisque
542 980 603 1031 veo-

47 1059 87 1111 per
99 1046 214 1095 Rhoetion
232 1057 255 1095 et
272 1049 364 1103 Gallius,
381 1048 477 1095 militum
489 1056 512 1095 et
523 1053 602 1094 centu·

52 1112 134 1166 ιιίᾶιιιιι,
145 1114 173 1161 ad
187 1112 301 1161 Vitellium
313 1114 382 1167 missi,
394 1121 514 1161 necantur·
528 1112 604 1173 plures

53 1174 173 1280 {fidemm
117 1178 246 1231 amicorum,
263 1186 303 1227 aut
319 1184 408 1225 suomet
427 1185 477 1224 astu
492 1176 596 1222 ominum

58 1256 98 1278 1Πὶ
