1612 3150
45 8 111 33 etrum
124 17 277 48 nup-w......,
298 35 305 52 Ι
358 41 373 53 v

78 51 123 98 Vl.
141 52 218 99 Ruini
231 56 302 101 soceri
319 55 342 101 in
360 55 463 101 exsilium
477 57 561 115 pulsus,
578 67 613 109 ut,
630 71 658 101 ur

43 116 176 179 principatu,
202 119 272 174 rediit,
298 118 431 167 Marcellum
459 118 563 180 Eprium,
587 117 658 164 delate

45 180 160 237 Thraseae,
177 198 281 231 accusare
290 184 427 245 eggreditur.
458 183 495 230 En
511 183 573 237 ultio,
590 183 658 229 iucert

46 248 118 308 major
131 263 158 293 nn
165 249 256 309 justior,
272 256 374 295 renatum
385 249 408 294 iu
419 248 492 295 studia
502 248 632 295 diduxerntz
651 263 658 293 ι

44 311 64 356 si
84 312 172 359 caderet
191 312 323 367 Marcellus,
348 328 429 375 agmen
452 327 541 359 reorum
564 312 657 359 sterneh

47 374 125 421 Prinio
142 377 219 423 minax
235 385 354 431 certamen,
372 386 394 424 et
410 378 508 439 egregiis
526 377 643 436 utriusque

46 441 143 486 tionibus
165 448 279 489 testatum.
311 442 376 496 Mox,
402 440 469 489 dubii
486 442 603 488 voluntate
618 440 653 488 ‚Gr

45 505 122 551 multis
134 513 263 553 senatorum
271 507 447 568 deprecantibus,
464 506 539 553 omisit
551 504 644 551 Priscus

48 570 93 623 riis,
111 578 136 615 ut
147 571 323 617 sunthominum
334 571 430 633 ingenia,
447 570 593 623 sermonibus,
609 584 649 617 mo

48 634 133 679 tionem
155 635 301 692 laudantium,
318 643 357 682 eut
379 636 525 682 coustantium
544 635 647 694 required

48 696 170 753 Caetcrum,
182 714 210 745 eo
222 699 313 746 senutdn
324 700 366 753 die,
378 715 423 758 quo
435 700 462 745 de
473 700 565 760 imperio
577 698 646 760 Vespr

48 764 174 816 censebant,
181 763 294 823 placuerat
304 764 362 809 mitti
371 764 401 810 ud
408 764 529 825 principem
537 764 630 824 legator.

48 827 107 873 intcr
118 826 251 873 Helvidium
262 834 285 874 et
296 826 391 889 Eprium
409 843 459 874 acre
470 829 580 891 jurgium.
612 827 643 874 Pr

48 892 100 953 eligi
121 892 253 938 nominatim
272 907 286 939 a
304 893 469 953 magistratibus
482 894 569 953 juratis,
587 891 641 939 Μαι

49 972 128 1002 urnam
145 957 285 1018 pestulnbnt3
303 972 355 1017 quae
372 959 469 1005 consulis
480 958 590 1019 designati
602 972 639 1004 sen

50 1021 129 1067 lucrat.

82 1083 140 1131 vll.
157 1084 202 1133 Sed
213 1084 317 1133 Marcelli
329 1086 425 1133 studium
437 1088 538 1148 proprius
550 1087 617 1133 rubor
627 1101 636 1131 ε

47 1151 91 1204 bat,
109 1166 146 1207 nc,
163 1151 212 1197 aliis
222 1151 305 1204 electis,
322 1152 459 1212 posthabitus
476 1152 620 1198 credereturt

61 1215 66 1222 ·
212 1215 376 1255 -un-mirnnnm
396 1217 425 1261 nd
444 1217 561 1263 continuas
580 1224 604 1262 et
622 1217 629 1261 i
