<?xml version="1.0" encoding="UTF-8"?>
<!DOCTYPE html PUBLIC "-//W3C//DTD XHTML 1.0 Transitional//EN"
    "http://www.w3.org/TR/xhtml1/DTD/xhtml1-transitional.dtd">
<html xmlns="http://www.w3.org/1999/xhtml" xml:lang="en" lang="en">
 <head>
  <title>
</title>
<meta http-equiv="Content-Type" content="text/html;charset=utf-8" />
  <meta name='ocr-system' content='tesseract 3.04.00' />
  <meta name='ocr-capabilities' content='ocr_page ocr_carea ocr_par ocr_line ocrx_word'/>
</head>
<body>
  <div class='ocr_page' id='page_1' title='image "./ccorneliitaciti02obergoog_0096.png"; bbox 0 0 1612 3150; ppageno 0'>
   <div class='ocr_carea' id='block_1_1' title="bbox 48 17 651 1243">
    <p class='ocr_par' dir='ltr' id='par_1_1' title="bbox 48 17 651 1243">
     <span class='ocr_line' id='line_1_1' title="bbox 272 17 624 80; baseline 0.01 -18.395"><span class='ocrx_word' id='word_1_1' title='bbox 272 37 374 78; x_wconf 73' lang='lat' dir='ltr'>magns</span> <span class='ocrx_word' id='word_1_2' title='bbox 391 34 444 79; x_wconf 66' lang='lat' dir='ltr'>ejus,</span> <span class='ocrx_word' id='word_1_3' title='bbox 462 17 581 80; x_wconf 76' lang='lat' dir='ltr'>conspicui</span> <span class='ocrx_word' id='word_1_4' title='bbox 597 20 624 66; x_wconf 82' lang='lat' dir='ltr'>alt</span> 
     </span>
     <span class='ocr_line' id='line_1_2' title="bbox 55 49 625 142; baseline 0.004 -16"><span class='ocrx_word' id='word_1_5' title='bbox 55 59 149 142; x_wconf 81' lang='lat' dir='ltr'>repente</span> <span class='ocrx_word' id='word_1_6' title='bbox 152 49 303 142; x_wconf 57' lang='lat' dir='ltr'>prociderem</span> <span class='ocrx_word' id='word_1_7' title='bbox 321 98 347 127; x_wconf 86' lang='lat' dir='ltr'>oc</span> <span class='ocrx_word' id='word_1_8' title='bbox 363 82 454 142; x_wconf 79' lang='lat' dir='ltr'>posterd</span> <span class='ocrx_word' id='word_1_9' title='bbox 471 84 513 137; x_wconf 84' lang='lat' dir='ltr'>die,</span> <span class='ocrx_word' id='word_1_10' title='bbox 529 84 625 128; x_wconf 87' lang='lat' dir='ltr'>eodem</span> 
     </span>
     <span class='ocr_line' id='line_1_3' title="bbox 54 148 627 208; baseline 0.003 -17"><span class='ocrx_word' id='word_1_11' title='bbox 54 160 184 206; x_wconf 78' lang='lat' dir='ltr'>resurgens,</span> <span class='ocrx_word' id='word_1_12' title='bbox 196 162 288 206; x_wconf 85' lang='lat' dir='ltr'>procera</span> <span class='ocrx_word' id='word_1_13' title='bbox 299 156 321 192; x_wconf 89' lang='lat' dir='ltr'>et</span> <span class='ocrx_word' id='word_1_14' title='bbox 334 148 399 192; x_wconf 84' lang='lat' dir='ltr'>latior</span> <span class='ocrx_word' id='word_1_15' title='bbox 410 149 507 193; x_wconf 81' lang='lat' dir='ltr'>virebat:</span> <span class='ocrx_word' id='word_1_16' title='bbox 527 149 626 208; x_wconf 84' lang='lat' dir='ltr'>grande</span> <span class='ocrx_word' id='word_1_17' title='bbox 622 165 627 193; x_wconf 81' lang='grc' dir='ltr'><strong>ι</strong></span> 
     </span>
     <span class='ocr_line' id='line_1_4' title="bbox 54 213 629 273; baseline 0.005 -18"><span class='ocrx_word' id='word_1_18' title='bbox 54 226 183 271; x_wconf 85' lang='lat' dir='ltr'>perumque,</span> <span class='ocrx_word' id='word_1_19' title='bbox 206 226 316 256; x_wconf 82' lang='lat' dir='ltr'>consensu</span> <span class='ocrx_word' id='word_1_20' title='bbox 332 213 487 273; x_wconf 63' lang='lat' dir='ltr'>haruspicum</span> <span class='ocrx_word' id='word_1_21' title='bbox 511 219 534 258; x_wconf 91' lang='lat' dir='ltr'>et</span> <span class='ocrx_word' id='word_1_22' title='bbox 551 227 629 258; x_wconf 70' lang='lat' dir='ltr'>summi</span> 
     </span>
     <span class='ocr_line' id='line_1_5' title="bbox 52 275 630 337; baseline 0.002 -16"><span class='ocrx_word' id='word_1_23' title='bbox 52 275 109 321; x_wconf 86' lang='lat' dir='ltr'>tudo</span> <span class='ocrx_word' id='word_1_24' title='bbox 124 275 204 336; x_wconf 81' lang='lat' dir='ltr'>juveni</span> <span class='ocrx_word' id='word_1_25' title='bbox 223 275 342 320; x_wconf 86' lang='lat' dir='ltr'><strong>admodum</strong></span> <span class='ocrx_word' id='word_1_26' title='bbox 365 276 504 337; x_wconf 80' lang='lat' dir='ltr'>Vespasiano</span> <span class='ocrx_word' id='word_1_27' title='bbox 526 278 630 337; x_wconf 89' lang='lat' dir='ltr'>promissa</span> 
     </span>
     <span class='ocr_line' id='line_1_6' title="bbox 53 339 631 402; baseline 0.002 -17"><span class='ocrx_word' id='word_1_28' title='bbox 53 340 127 402; x_wconf 90' lang='lat' dir='ltr'>primo</span> <span class='ocrx_word' id='word_1_29' title='bbox 138 339 279 400; x_wconf 85' lang='lat' dir='ltr'>triumphalia</span> <span class='ocrx_word' id='word_1_30' title='bbox 290 348 313 386; x_wconf 88' lang='lat' dir='ltr'>et</span> <span class='ocrx_word' id='word_1_31' title='bbox 324 341 460 395; x_wconf 78' lang='lat' dir='ltr'>consulatus,</span> <span class='ocrx_word' id='word_1_32' title='bbox 472 348 494 386; x_wconf 84' lang='lat' dir='ltr'>et</span> <span class='ocrx_word' id='word_1_33' title='bbox 505 339 607 388; x_wconf 85' lang='lat' dir='ltr'>Judsioae</span> <span class='ocrx_word' id='word_1_34' title='bbox 619 356 631 386; x_wconf 83' lang='lat' dir='ltr'>v</span> 
     </span>
     <span class='ocr_line' id='line_1_7' title="bbox 52 402 633 464; baseline -0.002 -13"><span class='ocrx_word' id='word_1_35' title='bbox 52 405 128 458; x_wconf 85' lang='lat' dir='ltr'>decus,</span> <span class='ocrx_word' id='word_1_36' title='bbox 145 402 250 464; x_wconf 82' lang='lat' dir='ltr'>implesse</span> <span class='ocrx_word' id='word_1_37' title='bbox 270 403 337 450; x_wconf 87' lang='lat' dir='ltr'>fidem</span> <span class='ocrx_word' id='word_1_38' title='bbox 358 405 439 450; x_wconf 87' lang='lat' dir='ltr'>ominis</span> <span class='ocrx_word' id='word_1_39' title='bbox 460 405 605 450; x_wconf 84' lang='lat' dir='ltr'>videbantur·</span> <span class='ocrx_word' id='word_1_40' title='bbox 624 419 633 450; x_wconf 86' lang='grc' dir='ltr'>ι</span> 
     </span>
     <span class='ocr_line' id='line_1_8' title="bbox 50 468 635 533; baseline 0.002 -19"><span class='ocrx_word' id='word_1_41' title='bbox 50 468 145 531; x_wconf 84' lang='lat' dir='ltr'>adeptus</span> <span class='ocrx_word' id='word_1_42' title='bbox 161 475 201 522; x_wconf 88' lang='lat' dir='ltr'>est,</span> <span class='ocrx_word' id='word_1_43' title='bbox 218 469 321 530; x_wconf 89' lang='lat' dir='ltr'>portendi</span> <span class='ocrx_word' id='word_1_44' title='bbox 338 469 402 515; x_wconf 83' lang='lat' dir='ltr'>sibi</span> <span class='ocrx_word' id='word_1_45' title='bbox 397 470 513 529; x_wconf 78' lang='lat' dir='ltr'>imperium</span> <span class='ocrx_word' id='word_1_46' title='bbox 530 469 635 533; x_wconf 74' lang='lat' dir='ltr'>credebat</span> 
     </span>
     <span class='ocr_line' id='line_1_9' title="bbox 50 531 637 594; baseline -0.01 -11"><span class='ocrx_word' id='word_1_47' title='bbox 50 533 170 583; x_wconf 81' lang='lat' dir='ltr'>Judaeam&#39;</span> <span class='ocrx_word' id='word_1_48' title='bbox 164 540 223 580; x_wconf 90' lang='lat' dir='ltr'>mter</span> <span class='ocrx_word' id='word_1_49' title='bbox 232 533 364 594; x_wconf 77' lang='lat' dir='ltr'>Syriamque</span> <span class='ocrx_word' id='word_1_50' title='bbox 373 531 504 581; x_wconf 89' lang='lat' dir='ltr'>Carmelus.</span> <span class='ocrx_word' id='word_1_51' title='bbox 518 532 549 580; x_wconf 85' lang='lat' dir='ltr'>ita</span> <span class='ocrx_word' id='word_1_52' title='bbox 559 548 637 580; x_wconf 79' lang='lat' dir='ltr'>vocam</span> 
     </span>
     <span class='ocr_line' id='line_1_10' title="bbox 50 597 638 658; baseline -0.002 -12"><span class='ocrx_word' id='word_1_53' title='bbox 50 605 97 646; x_wconf 87' lang='lat' dir='ltr'>tem</span> <span class='ocrx_word' id='word_1_54' title='bbox 116 598 240 658; x_wconf 85' lang='lat' dir='ltr'>deumque:</span> <span class='ocrx_word' id='word_1_55' title='bbox 268 613 310 645; x_wconf 88' lang='lat' dir='ltr'>nee</span> <span class='ocrx_word' id='word_1_56' title='bbox 329 598 471 644; x_wconf 84' lang='lat' dir='ltr'>simulacrum</span> <span class='ocrx_word' id='word_1_57' title='bbox 490 597 532 644; x_wconf 89' lang='lat' dir='ltr'>deo</span> <span class='ocrx_word' id='word_1_58' title='bbox 550 605 589 645; x_wconf 85' lang='lat' dir='ltr'>aut</span> <span class='ocrx_word' id='word_1_59' title='bbox 607 605 638 645; x_wconf 86' lang='lat' dir='ltr'>ter</span> 
     </span>
     <span class='ocr_line' id='line_1_11' title="bbox 50 660 640 725; baseline -0.003 -14"><span class='ocrx_word' id='word_1_60' title='bbox 50 663 119 712; x_wconf 81' lang='lat' dir='ltr'>situm</span> <span class='ocrx_word' id='word_1_61' title='bbox 136 660 247 709; x_wconf 67' lang='lat' dir='ltr'>tradidere</span> <span class='ocrx_word' id='word_1_62' title='bbox 263 664 373 725; x_wconf 86' lang='lat' dir='ltr'>majores;</span> <span class='ocrx_word' id='word_1_63' title='bbox 390 678 450 710; x_wconf 81' lang='lat' dir='ltr'>arem</span> <span class='ocrx_word' id='word_1_64' title='bbox 468 670 555 709; x_wconf 86' lang='lat' dir='ltr'>tantum</span> <span class='ocrx_word' id='word_1_65' title='bbox 573 669 597 710; x_wconf 89' lang='lat' dir='ltr'>et</span> <span class='ocrx_word' id='word_1_66' title='bbox 611 678 640 709; x_wconf 88' lang='lat' dir='ltr'>re</span> 
     </span>
     <span class='ocr_line' id='line_1_12' title="bbox 48 725 642 789; baseline -0.005 -12"><span class='ocrx_word' id='word_1_67' title='bbox 48 729 112 777; x_wconf 77' lang='lat' dir='ltr'>tiam.</span> <span class='ocrx_word' id='word_1_68' title='bbox 144 725 195 774; x_wconf 86' lang='lat' dir='ltr'>Illic</span> <span class='ocrx_word' id='word_1_69' title='bbox 212 726 344 774; x_wconf 71' lang='lat' dir='ltr'>sacrificanti</span> <span class='ocrx_word' id='word_1_70' title='bbox 364 725 510 788; x_wconf 76' lang='lat' dir='ltr'>Vespasiano,</span> <span class='ocrx_word' id='word_1_71' title='bbox 533 742 586 774; x_wconf 86' lang='lat' dir='ltr'>cum</span> <span class='ocrx_word' id='word_1_72' title='bbox 605 742 642 789; x_wconf 75' lang='lat' dir='ltr'>sps</span> 
     </span>
     <span class='ocr_line' id='line_1_13' title="bbox 50 791 643 847; baseline -0.005 -6"><span class='ocrx_word' id='word_1_73' title='bbox 50 793 120 841; x_wconf 78' lang='lat' dir='ltr'>eultss</span> <span class='ocrx_word' id='word_1_74' title='bbox 138 800 237 840; x_wconf 75' lang='lat' dir='ltr'>versaret</span> <span class='ocrx_word' id='word_1_75' title='bbox 256 793 337 846; x_wconf 82' lang='lat' dir='ltr'>animo,</span> <span class='ocrx_word' id='word_1_76' title='bbox 354 791 465 839; x_wconf 86' lang='lat' dir='ltr'>Basilides</span> <span class='ocrx_word' id='word_1_77' title='bbox 484 792 594 847; x_wconf 82' lang='lat' dir='ltr'>sacerdos,</span> <span class='ocrx_word' id='word_1_78' title='bbox 610 793 643 839; x_wconf 92' lang='lat' dir='ltr'>ins</span> 
     </span>
     <span class='ocr_line' id='line_1_14' title="bbox 51 855 644 918; baseline -0.003 -13"><span class='ocrx_word' id='word_1_79' title='bbox 51 858 170 906; x_wconf 79' lang='lat' dir='ltr'>identidem</span> <span class='ocrx_word' id='word_1_80' title='bbox 188 858 253 912; x_wconf 84' lang='lat' dir='ltr'>extis,</span> <span class='ocrx_word' id='word_1_81' title='bbox 270 857 412 918; x_wconf 81' lang='lat' dir='ltr'>“Quidquid</span> <span class='ocrx_word' id='word_1_82' title='bbox 427 855 487 912; x_wconf 69' lang='lat' dir='ltr'>est,”</span> <span class='ocrx_word' id='word_1_83' title='bbox 504 857 583 918; x_wconf 80' lang='lat' dir='ltr'>inquit,</span> <span class='ocrx_word' id='word_1_84' title='bbox 600 856 644 903; x_wconf 80' lang='lat' dir='ltr'>“v</span> 
     </span>
     <span class='ocr_line' id='line_1_15' title="bbox 53 923 646 985; baseline -0.007 -14"><span class='ocrx_word' id='word_1_85' title='bbox 53 923 116 979; x_wconf 79' lang='lat' dir='ltr'>tiene,</span> <span class='ocrx_word' id='word_1_86' title='bbox 134 923 194 984; x_wconf 91' lang='lat' dir='ltr'>quod</span> <span class='ocrx_word' id='word_1_87' title='bbox 211 938 283 985; x_wconf 76' lang='lat' dir='ltr'>parus,</span> <span class='ocrx_word' id='word_1_88' title='bbox 300 938 339 969; x_wconf 87' lang='lat' dir='ltr'>seu</span> <span class='ocrx_word' id='word_1_89' title='bbox 357 923 448 969; x_wconf 90' lang='lat' dir='ltr'>domum</span> <span class='ocrx_word' id='word_1_90' title='bbox 467 929 589 976; x_wconf 81' lang='lat' dir='ltr'>exstruere,</span> <span class='ocrx_word' id='word_1_91' title='bbox 606 937 646 968; x_wconf 89' lang='lat' dir='ltr'>seu</span> 
     </span>
     <span class='ocr_line' id='line_1_16' title="bbox 56 987 647 1050; baseline -0.007 -14"><span class='ocrx_word' id='word_1_92' title='bbox 56 995 117 1036; x_wconf 80' lang='lat' dir='ltr'>sture</span> <span class='ocrx_word' id='word_1_93' title='bbox 127 1004 201 1050; x_wconf 80' lang='lat' dir='ltr'>agros,</span> <span class='ocrx_word' id='word_1_94' title='bbox 218 989 267 1034; x_wconf 75' lang='lat' dir='ltr'>site</span> <span class='ocrx_word' id='word_1_95' title='bbox 277 987 382 1048; x_wconf 78' lang='lat' dir='ltr'>ampliare</span> <span class='ocrx_word' id='word_1_96' title='bbox 393 988 491 1044; x_wconf 82' lang='lat' dir='ltr'>servitia,</span> <span class='ocrx_word' id='word_1_97' title='bbox 509 987 573 1033; x_wconf 79' lang='lat' dir='ltr'>detur</span> <span class='ocrx_word' id='word_1_98' title='bbox 583 987 647 1034; x_wconf 91' lang='lat' dir='ltr'>tibin</span> 
     </span>
     <span class='ocr_line' id='line_1_17' title="bbox 56 1049 627 1115; baseline -0.009 -14"><span class='ocrx_word' id='word_1_99' title='bbox 56 1053 118 1109; x_wconf 82' lang='lat' dir='ltr'>edes,</span> <span class='ocrx_word' id='word_1_100' title='bbox 135 1055 239 1115; x_wconf 80' lang='lat' dir='ltr'>ingentes</span> <span class='ocrx_word' id='word_1_101' title='bbox 258 1053 353 1105; x_wconf 88' lang='lat' dir='ltr'>termini,</span> <span class='ocrx_word' id='word_1_102' title='bbox 371 1053 466 1099; x_wconf 91' lang='lat' dir='ltr'>multum</span> <span class='ocrx_word' id='word_1_103' title='bbox 485 1049 627 1099; x_wconf 87' lang='lat' dir='ltr'>hominum.’&#39;</span> 
     </span>
     <span class='ocr_line' id='line_1_18' title="bbox 59 1116 651 1183; baseline -0.008 -17"><span class='ocrx_word' id='word_1_104' title='bbox 59 1119 153 1183; x_wconf 75' lang='lat' dir='ltr'>mbages</span> <span class='ocrx_word' id='word_1_105' title='bbox 164 1126 188 1165; x_wconf 91' lang='lat' dir='ltr'>et</span> <span class='ocrx_word' id='word_1_106' title='bbox 197 1117 273 1164; x_wconf 82' lang='lat' dir='ltr'>statim</span> <span class='ocrx_word' id='word_1_107' title='bbox 284 1125 403 1178; x_wconf 83' lang='lat' dir='ltr'>exceperat</span> <span class='ocrx_word' id='word_1_108' title='bbox 412 1117 480 1172; x_wconf 82' lang='lat' dir='ltr'>samo,</span> <span class='ocrx_word' id='word_1_109' title='bbox 491 1124 514 1163; x_wconf 91' lang='lat' dir='ltr'>et</span> <span class='ocrx_word' id='word_1_110' title='bbox 522 1124 576 1163; x_wconf 86' lang='lat' dir='ltr'>tunc</span> <span class='ocrx_word' id='word_1_111' title='bbox 586 1116 651 1178; x_wconf 69' lang='lat' dir='ltr'>aperis</span> 
     </span>
     <span class='ocr_line' id='line_1_19' title="bbox 60 1181 643 1243; baseline -0.017 -13"><span class='ocrx_word' id='word_1_112' title='bbox 60 1198 90 1230; x_wconf 74' lang='lat' dir='ltr'>reo</span> <span class='ocrx_word' id='word_1_113' title='bbox 108 1183 227 1243; x_wconf 85' lang='lat' dir='ltr'>quidquem</span> <span class='ocrx_word' id='word_1_114' title='bbox 243 1183 316 1243; x_wconf 85' lang='lat' dir='ltr'>magis</span> <span class='ocrx_word' id='word_1_115' title='bbox 334 1182 356 1227; x_wconf 93' lang='lat' dir='ltr'>in</span> <span class='ocrx_word' id='word_1_116' title='bbox 372 1198 412 1228; x_wconf 87' lang='lat' dir='ltr'>ore</span> <span class='ocrx_word' id='word_1_117' title='bbox 426 1181 503 1230; x_wconf 77' lang='lat' dir='ltr'>vulsi.</span> <span class='ocrx_word' id='word_1_118' title='bbox 523 1181 608 1224; x_wconf 71' lang='lat' dir='ltr'>crelsrin</span> <span class='ocrx_word' id='word_1_119' title='bbox 609 1195 643 1216; x_wconf 67' lang='lat' dir='ltr'>a«</span> 
     </span>
    </p>
   </div>
   <div class='ocr_carea' id='block_1_2' title="bbox 0 0 810 3150">
    <p class='ocr_par' dir='ltr' id='par_1_2' title="bbox 0 0 810 3150">
     <span class='ocr_line' id='line_1_20' title="bbox 0 0 810 3150; baseline 0 4"><span class='ocrx_word' id='word_1_120' title='bbox 0 0 810 3150; x_wconf 95' lang='lat' dir='ltr'> </span> 
     </span>
    </p>
   </div>
  </div>
 </body>
</html>
