1680 3298
64 176 84 216 J.
93 175 118 216 c.
126 178 159 220 70.
181 169 427 220 HISTORIARUM
439 169 491 218 Lus.
501 168 549 218 ΙΙΙ.
561 168 620 220 Car.
628 173 666 221 85.
687 177 733 223 149

65 318 137 366 spem,
154 304 286 350 retinebant.
317 300 355 350 Eo
373 302 481 348 intentius
496 303 602 360 victores,
618 303 732 366 praecipuo

65 375 168 417 veterum
179 369 304 415 cohortium
313 367 393 421 studio,
405 375 486 414 cuncta
496 368 681 416 validissimarum
692 385 732 417 ur·

64 433 127 481 bium
143 433 247 480 exscidiis
259 439 347 494 reperta
365 433 431 479 simul
442 433 569 487 admovent,
587 435 729 493 testudinem,

65 503 186 553 tormenta,
202 511 305 559 aggeres,
327 495 443 557 facesque:
468 498 575 558 quidquid
594 505 629 546 tot
646 499 733 561 prmius
757 535 762 540 -

62 561 148 611 laboris
158 576 185 609 sc
196 562 289 624 periculi
300 562 432 615 hausissent,
445 577 512 623 opere
521 563 561 609 illo
572 565 731 619 consummari,

64 627 213 675 clamitantes.
245 624 332 673 Urbem
343 627 430 672 senatui
440 641 466 672 ac
477 628 561 688 populo
571 627 639 675 Rom.
647 630 732 690 templa

60 691 108 739 dila
122 691 220 738 reddita:
239 691 354 751 proprium
371 704 421 737 esse
434 691 511 737 militis
521 691 589 738 decus
600 693 624 738 in
635 694 727 742 castris:

63 755 127 803 illam
144 755 246 817 patriam,
261 755 313 800 illos
328 760 434 816 penates:
453 756 477 800 ni
497 755 572 802 statim
588 757 729 818 recipiantur,

63 829 157 871 noctem
167 820 191 865 iu
201 819 269 866 armis
279 819 397 880 agendam.
416 817 505 866 Contra
514 818 638 876 Vitelliani,
649 837 728 882 quam·

63 899 134 946 quam
145 898 239 930 numero
249 882 340 942 fatoque
350 883 455 944 dispares,
471 884 594 944 inquietare
604 886 727 943 victoriam,

64 949 150 996 morari
167 963 252 1008 pacem,
271 948 350 994 domos
369 961 462 1007 arasque
480 964 559 995 cruore
576 947 668 1006 foedare,
689 950 727 997 su'·

63 1028 144 1077 prema
159 1013 226 1060 victis
242 1012 322 1059 solatis
339 1013 535 1073 amplectebantur.
566 1013 636 1060 Multi
658 1016 727 1063 sami·

59 1079 151 1131 animes
160 1093 226 1138 super
236 1084 309 1124 turres
320 1083 343 1123 et
353 1078 521 1139 propugnacula
531 1080 640 1125 moenium
651 1081 727 1142 exspi-

57 1140 149 1199 xavdre.
182 1139 305 1191 Convulsis
320 1142 397 1220 portis,
414 1143 511 1203 reliquus
521 1144 601 1205 globus
612 1145 693 1191 obtulit
703 1159 729 1194 ae

61 1207 200 1265 victoribus3
217 1215 241 1255 et
257 1207 357 1254 cecidere
376 1221 454 1253 omnes
465 1208 581 1254 contrariis
591 1209 727 1266 vulneribus,

60 1274 122 1323 versi
138 1273 164 1318 in
179 1273 282 1319 hostemt
300 1285 396 1318 ea-cura
412 1272 479 1319 etiam
496 1273 641 1321 morientibus
652 1275 728 1322 decori

58 1336 137 1387 exitus
146 1336 196 1384 fuit.
335 1374 340 1380 .

94 1400 227 1449 LXXXV.
238 1398 354 1456 Vitellius,
362 1399 429 1464 capti
440 1401 510 1455 Urbe,
520 1418 561 1465 per
568 1417 668 1450 aversam
680 1403 727 1452 Ps-

57 1468 108 1519 latii
121 1473 215 1529 partem,
232 1465 379 1520 Aventinum,
396 1467 420 1513 in
437 1468 528 1514 domum
546 1469 629 1524 uxoris,
647 1467 728 1516 selluld

60 1532 175 1588 defertur3
194 1537 226 1586 ut,
244 1531 264 1577 si
276 1531 335 1578 diem
344 1530 430 1578 latebrd
439 1532 561 1588 citavisset,
580 1532 725 1580 Tarracinam

59 1598 90 1645 ad
101 1597 205 1643 cohortes
215 1594 352 1657 fratremque
362 1596 497 1659 perfugeret.
530 1597 592 1644 Dein
603 1598 727 1646 mobilitate

56 1661 154 1724 ingenii,
170 1667 194 1706 et
209 1661 273 1723 (qua
283 1668 362 1708 natura
372 1663 461 1723 pavoris
472 1660 517 1722 est)
527 1677 579 1709 cum
590 1661 665 1709 omnia
675 1676 725 1710 me·

58 1725 135 1776 ruenti
151 1726 386 1786 praesentiamaxime
404 1727 553 1789 displicerent,
570 1727 593 1773 in
614 1726 725 1774 Palatium

58 1789 193 1853 regreditur,
209 1778 298 1837 vietum
309 1791 479 1852 desertumque3
496 1792 586 1853 dilapsis
597 1793 663 1839 etiam
674 1791 726 1838 inil-

58 1857 106 1904 mis
124 1855 273 1910 servitiorum,
297 1864 337 1902 aut
355 1871 472 1904 occursum
491 1858 539 1919 ejus
558 1857 726 1905 declinantibus.

60 1920 147 1968 Terret
159 1919 256 1966 solitudo
267 1926 290 1966 et
307 1927 407 1976 tacentes
422 1923 480 1975 loci:
499 1928 572 1968 tentat
583 1922 670 1968 clausa:
690 1923 726 1973 in-

58 1985 170 2033 horrescit
180 1984 271 2042 vacuis3
281 1984 398 2046 fessusque
408 1987 490 2032 misero
501 2001 582 2039 errore,
594 1994 617 2033 et
623 1985 727 2049 pudendi

56 2047 144 2099 latebrd
163 2056 234 2096 semet
252 2051 373 2102 occultans,
393 2051 420 2096 ab
438 2050 501 2098 Julio
521 2049 619 2105 Placido,
636 2052 725 2098 tribuno

57 2114 166 2169 cohortis,
182 2114 324 2176 protrahitur.
357 2113 449 2160 Vinctae
459 2129 517 2176 pone
528 2121 617 2176 tergum
629 2129 723 2164 manus:

56 2176 143 2229 laniata
152 2184 224 2232 veste,
240 2176 326 2225 foedum
337 2179 494 2240 spectaculum,
511 2179 637 2235 ducebatur,
648 2180 740 2235 multisx

56 2243 231 2305 increpantibus,
248 2243 310 2290 nullo
325 2243 492 2304 illacrymantc:
512 2242 640 2290 deformitas
651 2245 725 2293 exitiis

58 2306 234 2357 misericordiam
245 2308 373 2355 abstulerat.
406 2307 492 2354 Obvius
503 2322 516 2353 e
528 2308 670 2356 Germanicis
681 2311 724 2357 mi-

55 2373 134 2423 litibus
146 2371 263 2418 Vitellium
274 2371 356 2419 infesto
371 2373 426 2430 ictu,
443 2387 483 2434 per
493 2373 555 2428 iram,
573 2373 609 2419 vel
620 2388 664 2434 quo
676 2388 726 2421 ma·

57 2438 132 2487 tutius
147 2437 247 2483 ludibriis
264 2437 377 2492 eximeret,
395 2452 424 2484 an
439 2436 552 2483 tribunum
563 2439 685 2500 appetierit,
702 2440 726 2487 in

57 2504 146 2550 incerto
156 2501 213 2558 fuit3
225 2516 301 2547 aurem
313 2502 395 2547 tribuni
407 2500 537 2562 amputavit,
547 2516 573 2548 ac
584 2503 663 2549 statim
673 2519 731 2567 con·

57 2567 136 2616 fossus
147 2572 187 2612 est
221 2564 346 2623 Vitellium,
363 2565 455 2617 infestis
464 2566 619 2615 maeroribus
628 2571 754 2617 coactum.

50 2630 122 2677 modo
131 2626 221 2692 ’θήξετε
228 2647 255 2680 os
263 2638 287 2680 et
299 2633 387 2685 oflerre
398 2633 563 2693 contumeliis,
571 2629 773 2682 nauseabat»

37 2699 130 2742 ’Μ’
147 2709 210 2755 Μ’»
232 2698 380 2768 pierumque
400 2703 505 2762 Rostra,
523 2708 576 2818 ωὲ
589 2695 689 2750 Gubba

109 2792 113 2799 ·
513 2783 535 2820 o
