1680 3298
49 138 70 175 J.
80 136 142 181 cti.
167 129 412 180 HISTORIARUM
422 128 642 186 Lrs.IV.Cnr,46.
668 133 711 177 177

51 262 130 310 Patres
147 271 266 325 coeptatam
276 264 406 316 libertatem,
423 268 539 323 postquam
551 262 637 308 obviam
649 261 713 315 itum,

50 326 153 375 omisere.
185 329 313 382 Mucianus,
330 343 359 374 ue
374 327 446 387 sperni
459 326 672 387 senatllsjudicium,
690 333 714 370 et

50 393 137 439 cunctis
146 393 187 440 sub
198 393 290 439 Nerone
301 392 402 438 admissis
410 392 461 437 data
468 392 587 452 impunitas
594 391 713 444 videretur,

51 457 171 505 Octavium
181 458 290 519 Sagittam
299 464 322 503 et
333 456 457 502 Antistium
470 455 594 509 Sosianum,
607 454 713 502 senatorii

51 522 142 576 ordinis,
157 536 260 584 egressos
271 521 380 573 exsilium,
393 521 415 566 in
426 520 514 567 easdem
526 520 610 582 insulas
620 519 715 581 redegit.

51 586 161 634 Octavius
180 585 285 632 Pontiam
303 584 448 637 Postumiam,
465 590 542 645 stupro
553 585 673 646 cognitam,
691 588 715 629 et

53 651 142 714 nuptias
157 665 208 697 suas
218 651 358 703 abnuentem,
375 650 485 709 impotens
499 650 581 694 amoris
596 648 715 695 interl'ece·

52 722 101 771 rat;
115 715 221 762 Sosianus
227 715 338 776 pravitate
345 728 432 759 morum
440 712 516 759 multis
524 713 639 758 exitiosus.
656 713 715 758 Am-

51 780 81 826 bo
93 780 157 840 gravi
168 777 373 825 senatus-consulto
383 777 480 823 damnati
490 777 598 838 pulsique,
615 777 716 837 quamvis

54 858 163 890 concesso
181 843 229 890 aliis
247 843 326 896 reditu,
342 843 365 888 in
383 840 460 888 eidem
478 839 546 902 poend
560 842 640 888 retenti
657 848 717 886 sunt.

55 906 109 954 Nec
128 907 178 954 ideo
195 907 264 954 lenita
281 923 336 969 erga
354 906 487 952 Mucianum
504 906 592 953 invidia.
627 905 717 967 Quippe

57 971 166 1019 Sosianus
184 987 210 1018 ac
229 972 317 1034 Sagitta
335 972 397 1025 siles,
414 971 480 1017 etism
500 971 518 1016 si
534 977 714 1016 reverterentur:

56 1044 211 1084 accusatorum
221 1037 313 1099 ingenia
322 1044 346 1082 et
355 1050 415 1098 opes,
423 1041 446 1081 et
452 1036 549 1090 exercita
559 1035 622 1082 malis
633 1035 717 1081 artibus

55 1102 163 1164 potentia,
175 1102 315 1148 timebantur.
666 1147 667 1151 ,

90 1164 168 1212 XLV.
185 1165 347 1213 Reconciliavit
364 1166 474 1228 paulisper
490 1165 563 1211 studia
578 1172 666 1227 patrum
678 1165 717 1211 ba·

56 1231 104 1278 bita
120 1231 143 1277 in
155 1238 239 1290 'senatu
255 1230 355 1293 cognitio
372 1231 494 1277 secundum
510 1237 608 1276 veterem
626 1244 719 1275 morem.

58 1295 160 1343 Manlius
172 1295 293 1351 Patruitus,
310 1302 405 1351 senator,
422 1295 534 1357 pulsatum
552 1309 576 1340 se
593 1297 615 1338 in
631 1291 719 1341 colonid

59 1361 154 1408 Senensi
173 1369 233 1407 coetu
252 1359 398 1406 multitudinis
417 1366 440 1406 et
454 1361 519 1418 jussu
541 1360 718 1421 magistratuum,

57 1425 203 1486 querebatur:
218 1440 259 1471 nec
270 1424 338 1470 finem
348 1425 436 1486 injuriae
446 1375 483 1469 hle
491 1425 592 1470 stetisse:
606 1424 720 1485 planetum

58 1498 82 1536 et
99 1490 197 1536 lamenta
214 1497 237 1536 et
253 1504 405 1551 supremorum
422 1490 541 1550 imaginem
558 1490 662 1549 praesenti
680 1487 728 1537 sibl.

59 1555 197 1600 circumdata
207 1569 258 1600 cum
270 1553 409 1600 contumeliis
419 1561 442 1599 et
453 1554 543 1614 probris,
560 1569 611 1613 quae
622 1555 645 1599 in
654 1567 719 1599 sena-

60 1627 109 1664 tum
122 1619 391 1679 universumjacerentur.
410 1618 496 1671 Vocati,
508 1619 545 1676 qui
557 1619 720 1678 arguebantur3

60 1690 91 1736 et,
109 1681 200 1742 cognitis
216 1680 288 1735 causi,
304 1682 327 1728 in
344 1682 458 1728 convictos
473 1681 616 1730 vindicatum.
650 1681 722 1727 nudi·

61 1756 154 1806 tamque
171 1744 232 1794 S-C.
249 1762 293 1806 quo
312 1746 443 1793 Senensium
461 1746 536 1807 plebes
553 1747 669 1792 modestiae
682 1747 722 1793 ad·

61 1817 197 1858 moneretur.
229 1809 312 1857 Iisdem
323 1811 399 1858 diebus
410 1811 524 1856 antonius
535 1808 638 1857 Flamma
650 1809 724 1871 Cyre·
771 1815 781 1825 '

62 1876 168 1923 nensibus
182 1875 298 1922 damnatur
311 1876 362 1937 lege
378 1877 555 1938 repetundarum,
572 1882 595 1920 et
606 1876 684 1922 exsilio
695 1876 723 1922 ob

64 1941 182 1988 saevitiam.
263 1987 266 1993 ,

96 2003 189 2051 XLVI.
207 2003 269 2060 Inter
286 2019 336 2065 quae
351 2005 452 2052 militaris
467 2005 545 2051 seditio
556 2021 624 2068 prope
635 2004 724 2053 exarsit.

63 2070 225 2117 Praetorianam
236 2071 337 2116 militiam
353 2071 481 2130 repetebant
498 2085 511 2115 a
526 2069 618 2117 Vitellio
634 2071 725 2123 dimissi,

62 2151 104 2197 pro
122 2133 262 2197 Vespasiano
273 2134 417 2196 congregati:
438 2143 461 2181 et
477 2134 564 2181 illectus
582 2135 606 2181 in
625 2135 726 2181 eamdem

63 2214 134 2261 spem,
151 2215 165 2245 e
181 2200 306 2261 legionibus
323 2199 509 2260 milespromissa
520 2199 627 2261 stipendia
638 2198 726 2261 flagita-

63 2267 117 2312 bat:
137 2279 166 2310 ne
181 2263 296 2309 Vitelliani
307 2263 396 2323 quidem
412 2265 460 2309 sine
470 2262 541 2309 multis
551 2265 613 2310 caede
622 2264 675 2324 pelli
685 2279 727 2324 po·

63 2334 139 2376 terant
145 2345 153 2384 ;
165 2329 204 2374 sed
215 2329 324 2374 immensa
331 2329 424 2389 pecunia
431 2329 550 2382 dicebatur,
570 2327 614 2388 quir
624 2336 685 2374 tanta
694 2328 728 2373 vis

64 2393 181 2440 hominum
193 2393 307 2439 retinenda
317 2399 371 2438 erat.
388 2390 507 2454 Ingressus
518 2401 590 2439 castra
599 2392 727 2448 Mucianus,

63 2473 111 2518 quo
120 2458 201 2503 rectius
213 2457 321 2518 stipendia
332 2457 471 2518 singulorum
488 2464 604 2517 spectaret,
622 2458 728 2503 suiacum

14 2574 18 2578 ,
64 2522 191 2583 insignibus
202 2523 313 2582 armisque
323 2522 419 2568 victores
430 2521 555 2574 constituit,
568 2520 741 2566 mudxc'xs'xnss'x

63 2602 91 2634 se
100 2586 178 2648 spatiis
185 2587 301 2634 discretos.
334 2584 397 2634 Tum
408 2585 541 2641 Vitelliani,
557 2599 621 2646 quos
629 2577 768 2650 aqubssffi

57 2644 785 2720 vtmstsdeaittonemaecepmsmemonstmusfflmll‘*
811 2674 824 2707 ,·

810 2718 824 2799 l
