1680 3298
112 4 203 36 nalonc
223 1 245 36 in
269 1 360 39 utores..
381 33 385 41 .

110 56 189 115 perire,
202 56 260 102 ultro
272 58 354 104 suasin
366 73 432 105 neces
443 74 524 107 ruunt:
543 87 580 104 0„

113 121 201 181 gladios
215 122 340 184 praecipites
354 124 497 170 incumbere:
517 123 560 177 elii,
577 138 607 169 ne
617 126 712 184 protunc

114 185 225 240 caderent,
246 188 324 249 seipsi
342 188 511 235 contrucidaret
530 188 619 250 plurimi
636 186 712 234 sanctii

115 251 190 311 (tauta
200 253 263 311 genti
275 251 413 314 superstitio)
429 253 507 315 templi
517 252 613 299 flammis
624 267 649 299 se
664 251 712 298 deva

115 316 156 360 hac
164 325 237 362 morte
248 317 327 378 magis,
337 333 404 377 quam
416 319 509 380 egregio
518 317 624 372 facinore,
635 323 712 363 ovant:

118 381 160 425 hoc
171 382 314 427 morientium
325 381 407 436 t'urore,
424 397 469 428 una
483 381 537 428 Tito
554 397 609 428 cura
624 396 654 428 ne
670 381 695 427 in
710 395 712 425 1

118 446 294 506 inhumanosque
317 446 410 501 cineres,
434 447 482 507 ipso
504 446 583 499 invito,
602 446 667 491 abeat
684 444 712 491 vi<

117 509 193 556 Labor
204 517 239 557 cst
249 525 331 572 cogere
338 511 411 556 victos
421 511 504 564 vivere,
515 510 606 570 suisque
616 510 712 570 rebuspt

117 574 151 620 At
162 576 281 621 incassum.
315 573 422 635 Undique
432 576 531 637 gliscunt
539 574 655 621 incendia:
675 582 712 620 ten

118 646 253 701 exsuperant
269 638 381 686 flammae:
401 655 468 687 mons
483 647 545 686 totus
554 639 601 686 lete
611 638 709 686 collucet

117 705 165 750 bus.
200 703 305 752 Horrens
321 719 463 765 moerensque
482 703 550 751 'litus
567 704 668 751 discedit.
704 702 709 749 .“

119 769 147 813 ad
159 770 231 816 caedes
243 770 340 824 duratus,
351 770 460 817 thesauris
479 770 573 825 inhians,
590 768 668 816 miles:
687 768 702 815 d

118 834 191 893 tisque
202 834 357 881 Romanorum
369 836 508 890 clamoribus,
519 834 652 883 Judaeorum
660 833 697 881 ulu

118 899 223 945 haustum
240 899 344 946 incendio
362 902 458 948 considit
479 900 594 962 templum.
627 898 690 945 Haec

119 965 182 1021 genti
200 980 310 1025 suprema,
327 967 423 1026 contigit
439 981 466 1012 eo
482 966 531 1028 ipso
542 966 584 1019 die,
599 980 645 1026 quo
655 964 688 1025 pn‘

120 1029 188 1087 plum,
200 1029 291 1091 majoris
301 1030 373 1076 adhuc
384 1030 451 1078 sumae
462 1040 485 1078 et
495 1030 622 1093 opulentiae,
631 1045 645 1075 ι
656 1028 681 1075 B·

119 1094 230 1151 qnondam
241 1095 357 1141 incensum
375 1094 484 1143 ferebant.
514 1094 577 1143 Inter
591 1094 676 1141 nudent«

118 1159 193 1204 ruinas
207 1161 279 1220 posita
298 1160 363 1222 signa
369 1178 377 1218 ;
402 1162 540 1223 peractisque
559 1157 672 1215 saorinT

121 1231 209 1283 perator
220 1225 372 1272 consalutatus
383 1233 425 1272 est.
456 1225 531 1273 Tanta
541 1234 616 1273 autem
627 1239 641 1271 a
652 1238 665 1268 n

120 1290 154 1334 vis
166 1298 234 1350 rapta,
246 1298 271 1336 ut
282 1290 373 1337 dimidia
382 1291 447 1352 pretii
455 1300 519 1353 parte
529 1291 596 1337 vilius
606 1291 630 1336 in
643 1288 659 1335 S

126 1362 193 1396 ”chun

322 1436 365 1453 w·
389 1420 480 1467 Judu'ici
496 1421 549 1467 belli
570 1420 647 1466 foedita
