1680 3298
71 129 168 174 uoto
198 122 444 175 HlsToRIARUM
456 122 560 175 Lrnlv.
571 123 630 176 car.
638 129 659 175 9.
696 127 743 174 155

75 258 150 320 puniri
167 272 213 305 non
227 263 337 320 oporteat,
353 257 460 305 ostentari
477 273 522 305 non
539 258 632 305 debere:
653 258 695 304 hoc
707 271 743 304 se-

76 323 145 370 nattls
150 322 236 386 judicio
247 324 310 369 velut
320 323 434 371 admoneri
444 324 573 385 principem,
590 338 647 384 quos
658 323 744 385 probet,

75 402 134 449 quos
152 386 295 435 reformidetz
314 387 401 434 nullum
416 389 489 450 maJus
498 388 551 434 boni
562 388 648 451 imperii
659 389 744 434 instru-

76 459 187 508 mentum,
204 467 271 514 quarn
281 453 352 500 bonos
363 452 454 500 amicos.
485 451 545 500 Esse
559 453 613 499 satis
623 451 743 507 Marcello,

76 516 138 578 quod
149 516 268 565 Neronem
278 517 302 564 in
312 517 406 565 udum
416 524 451 564 tot
460 518 613 564 innocentium
622 514 743 579 impulerit.

77 581 202 630 chetur
213 582 313 644 praemiis
321 589 344 630 et
355 581 503 645 impunitate;
520 581 684 644 Vespasianum
695 595 745 628 me·

74 646 170 694 boribus
181 647 323 709 relinqueret.

111 709 186 757 VIII.
196 710 327 766 Marcellus,
337 725 384 758 non
395 725 459 759 suam
467 711 600 759 sententiam
608 709 742 773 impugnari

77 776 120 824 sed
130 776 246 823 consulem
256 776 398 838 designatum
413 776 533 830 censuisse,
550 775 642 828 dicebat,
659 789 742 822 secun·

77 841 133 888 dum
150 847 228 887 vetera
243 840 352 902 menapia,
368 855 420 901 quae
437 845 519 886 sortem
535 838 683 901 legationibus
700 852 743 902 po-

77 906 188 962 suissent,
199 919 229 951 ns
238 905 352 952 ambitioni
362 912 402 952 aut
411 904 533 951 inimicitiis
543 904 606 951 locus
615 903 681 951 foret.
697 901 743 949 m-

77 969 113 1016 hil
129 970 238 1024 evenisse,
255 982 295 1015 cur
311 970 434 1030 antiquitus
452 969 554 1016 instituta
573 968 740 1015 exolescerent:

76 1040 120 1082 eut
133 1034 238 1096 principis
252 1033 325 1081 honor
341 1035 365 1080 in
382 1035 512 1098 cujusquam
523 1033 681 1082 contumeliam
691 1046 744 1078 ver·

78 1105 180 1147 tereturr
197 1098 302 1146 sufficere
318 1113 397 1147 omnes
414 1099 531 1161 obsequio:
550 1098 573 1145 id
586 1099 659 1160 magis
669 1097 743 1143 vitan·

77 1163 141 1218 dum,
158 1178 188 1212 ne
205 1162 330 1226 perricaoid
344 1164 492 1224 quorumdam
508 1163 631 1210 irritaretur
650 1163 744 1216 animus,

77 1243 142 1276 novo
151 1230 278 1292 principatu
294 1243 423 1292 suspensus,
440 1235 463 1275 et
473 1227 549 1277 vultus
560 1242 648 1288 quoque
660 1242 685 1273 ac
696 1240 744 1272 ser·

77 1307 161 1341 mones
171 1294 272 1341 omnium
283 1293 477 1358 circunspectsns.
510 1292 542 1340 Se
551 1292 679 1339 meminisse
686 1298 744 1337 tem·

77 1372 167 1422 porum,
176 1359 255 1420 quibus
266 1366 332 1407 natus
339 1359 375 1415 sit,
384 1373 450 1420 quam
461 1358 557 1408 civitatis
567 1356 662 1404 formam
671 1363 745 1418 patres

78 1423 162 1484 avique
171 1424 321 1472 instituerint:
336 1424 442 1472 ulteriora
448 1423 530 1480 mirari,
541 1421 660 1485 praesentia
668 1419 744 1481 sequi:

76 1488 152 1536 bonos
168 1489 314 1550 imperatores
328 1495 384 1537 voto
394 1495 505 1552 expetere,
521 1488 693 1549 qualescumque
709 1490 746 1532 to·

76 1552 158 1601 lerare.
191 1553 248 1601 Non
266 1553 341 1616 magis
358 1551 400 1601 sui
417 1553 518 1601 oratione
532 1551 662 1607 Thraseam,
678 1563 746 1611 quam

74 1616 167 1682 judicio
185 1616 283 1672 senatds,
306 1616 420 1665 afflictum.
457 1617 571 1664 Soevitiam
590 1615 690 1662 Neronis
708 1628 749 1676 per

80 1682 211 1744 buJusmodi
221 1680 333 1743 imagines
341 1680 451 1730 illusisse:
470 1697 513 1728 neo
523 1682 597 1728 minus
608 1681 648 1728 sibi
659 1678 748 1726 anxiam

79 1746 153 1793 talem
164 1745 290 1800 amicitiam,
298 1759 364 1807 quam
372 1746 421 1794 aliis
431 1747 542 1794 exsilium.
574 1744 682 1806 Denique
691 1757 747 1791 oon·

79 1807 173 1864 stantib,
189 1809 325 1866 summoue,
343 1808 467 1860 Catonibus
483 1817 507 1858 et
524 1809 604 1858 Brutis
622 1815 748 1870 sequoretur

81 1872 220 1924 Helvidius:
239 1891 265 1924 se
281 1888 350 1924 unum
367 1891 418 1924 esse
434 1891 463 1922 ex
478 1875 517 1923 ills
531 1881 616 1929 senatu,
632 1875 670 1935 qui
681 1871 749 1920 simul

80 1939 194 1991 servierit.
227 1941 326 1990 Suadere
336 1941 403 1988 etiam
414 1939 504 2001 Prisco,
512 1955 542 1987 ne
552 1954 618 2002 supra
625 1939 749 2000 principem

79 2005 213 2053 somdmet:
239 2020 269 2053 ne
291 2004 461 2070 Vespasimum,
486 2019 562 2052 senem
584 2003 747 2065 triumphalem,

73 2070 315 2135 juvenumlrberorum
321 2068 666 2134 patrempraeceptiscodrceret
682 2066 749 2120 Quo-

80 2134 152 2184 modo
162 2136 265 2198 pessimis
275 2136 444 2198 imperatoribus
455 2135 503 2181 sine
510 2134 556 2180 tine
566 2133 749 2185 dominationem,

79 2200 115 2248 ita
125 2202 228 2261 quamvis
238 2201 337 2264 egregiis
345 2201 437 2248 modum
444 2198 559 2255 libertatis,
569 2198 663 2261 placere.
679 2195 748 2251 Haec,

79 2266 173 2327 mgnls
183 2266 296 2327 utrimque
305 2265 486 2313 contentionibus
492 2265 583 2327 Juctata,
595 2261 688 2308 diversis
700 2266 749 2306 stu·

80 2329 125 2378 dila
144 2331 315 2394 accipiebantur.
348 2329 412 2376 Vicit
427 2344 486 2391 pars,
502 2342 554 2388 quae
572 2326 646 2373 sortiri
662 2326 751 2386 legatos

79 2393 186 2451 malebat,
203 2396 271 2453 stiam
285 2395 365 2443 madiis
379 2401 467 2456 patrmn
485 2390 635 2439 annitentibus
653 2390 750 2436 retinere

80 2472 178 2507 morem.
209 2458 243 2508 Et
253 2459 444 2523 spalendidissimus
455 2458 549 2518 quisque
558 2455 637 2504 eodem
652 2453 748 2501 inclina·

113 2585 161 2635 rx
178 2588 286 2638 murum
305 2589 367 2640 arua
386 2588 514 2641 mamm
531 2554 679 2643 aimaro
697 2575 783 2648 attii}

70 2651 138 2714 (Μ
156 2658 204 2703 tum
220 2670 236 2705 a
250 2636 799 2722 poeamusuacanmaxmmtuer
