1680 3298
94 118 138 159 .to.
164 108 411 158 HISTORIARUM
426 106 638 157 LralI.Csr.26.
688 113 720 159 65

65 243 186 295 ohortibus,
204 250 226 288 ct
246 242 375 303 quingentis
398 241 516 300 equitibus.
550 239 622 302 Super
644 241 685 287 hos
708 257 721 287 c

52 309 157 372 praeaorio
169 307 301 368 auxiliisque
311 307 373 352 mille
384 306 476 366 equites,
488 306 591 352 cumulas
602 306 721 368 prosperis,

51 381 91 421 aut
103 373 225 419 subsidium
236 372 392 425 laborantibus,
410 371 554 417 discebantur.

86 436 170 484 XXV.
187 438 317 497 Antequam
336 436 484 482 miscerentur
502 436 568 490 acies,
585 443 650 497 terga
668 451 720 483 ver·

52 504 152 550 tentibus
174 501 308 556 Vitellianis,
326 499 415 555 Celsus,
432 501 478 547 doli
495 501 599 562 prudens,
617 501 724 563 repressit

52 583 113 616 snos.
146 566 261 612 Vitelliani
272 575 357 613 temere
367 573 521 626 exsurgentes,
533 566 628 612 cedente
638 567 721 613 sensim

55 632 131 684 Celso,
143 632 235 692 longius
243 632 320 684 secuti,
332 632 392 676 ultro
403 631 427 675 ia
438 631 529 676 insidias
536 631 719 693 precipitanturr

53 712 106 743 nam
115 697 241 743 alateribns
252 697 364 752 cohortes,
376 695 491 756 legionum
502 694 597 742 adversi
605 695 687 752 fronte,
699 703 723 743 et

54 763 129 809 subito
151 761 252 807 discursu
274 767 339 821 terga
360 759 478 805 cinxerant
499 760 592 820 equites
625 761 723 822 Signum

55 841 140 889 pagnae
151 840 197 871 non
209 827 283 871 statim
295 841 309 871 a
321 825 430 871 maio
442 823 537 870 Paulim
547 824 616 886 pediti
627 827 721 872 daturne

55 898 174 938 cunctator
189 888 275 944 naturai,
292 896 315 936 et
332 890 368 936 cai
385 894 451 935 muta
467 890 543 950 potius
562 890 656 937 consilia
671 905 722 937 cum

57 957 150 1010 ratione,
167 970 233 1016 quarn
247 966 354 1017 prospers
363 969 393 1001 ex
402 969 463 1008 oasa,
480 954 600 1016 placerent,
617 956 725 1017 compleri

55 1020 135 1074 fossas,
152 1021 231 1082 aperiri
250 1033 362 1082 campum,
377 1019 444 1080 pandi
461 1020 532 1065 aciem
545 1019 652 1081 jubebat;
670 1021 726 1068 satis

56 1087 102 1132 cito
118 1086 186 1146 incipi
203 1085 327 1138 victoriam,
344 1084 381 1130 nbi
397 1085 512 1145 provisum
523 1083 589 1140 foret,
607 1099 636 1131 ne
647 1085 725 1132 vince·

56 1158 141 1198 rentur.
174 1149 213 1197 Ed
229 1151 372 1196 cunctatione
389 1148 486 1210 spatium
501 1147 630 1195 Vitellianis
640 1150 724 1204 datam,

57 1217 81 1262 in
99 1216 183 1269 vineas,
200 1228 260 1261 nexu
272 1214 390 1260 traducam
400 1214 525 1274 impeditas,
542 1212 681 1274 rehrgiendi:
702 1220 726 1262 et

57 1281 146 1327 modica
157 1281 213 1326 silva
224 1280 366 1335 adhaerebat3
384 1279 444 1325 unde
454 1293 531 1324 rursus
542 1278 588 1324 susi
600 1280 726 1339 promtissi-

58 1359 108 1392 mos
116 1345 301 1407 praetorianorum
313 1345 414 1404 equitnm
425 1341 563 1389 interfecere.
588 1342 727 1390 vulneratur

59 1424 99 1456 rex
115 1409 252 1470 Epiphanes,
269 1409 416 1470 impigre-pro
428 1408 520 1455 Othone
530 1422 630 1470 pugnam
641 1407 710 1455 ciens.

93 1472 189 1520 XXVI.
205 1473 266 1521 Tum
285 1473 428 1520 Othonianus
443 1474 511 1534 pedes
529 1474 613 1534 erupit:
633 1472 728 1535 protriti

58 1541 160 1586 hostium
175 1539 229 1591 scie,
245 1539 305 1584 versi
324 1539 348 1583 in
365 1538 451 1600 frigam,
468 1539 535 1583 etiarn
553 1538 591 1598 qui
609 1538 726 1585 subvenis·

60 1606 128 1651 bsnt:
147 1617 198 1649 narn
212 1600 304 1650 Caecina
314 1617 361 1648 non
372 1603 438 1649 simnl
449 1604 560 1656 cohortes,
577 1603 617 1650 sed
628 1603 729 1664 singalas

61 1669 188 1723 acciverat;
205 1680 256 1728 quae
276 1682 312 1714 res
329 1669 354 1713 in
372 1667 452 1728 proelio
471 1667 640 1728 trepidationem
658 1669 728 1724 errarit,

62 1747 113 1780 cum
122 1733 239 1792 dispersos,
251 1747 293 1778 nec
305 1747 399 1793 nsquam
407 1732 500 1786 validos,
512 1746 582 1794 pavor
592 1733 728 1795 higientiurn

61 1797 177 1858 abriperet.
210 1797 268 1843 Orta
278 1805 301 1844 et
311 1798 335 1842 in
346 1797 425 1844 castris
433 1797 522 1851 seditio,
540 1797 599 1858 quod
616 1810 662 1843 non
677 1798 728 1844 uni·

61 1862 121 1910 versi
133 1862 281 1908 ducerenturs
299 1863 390 1910 rinctus
405 1861 526 1924 praefectus
537 1869 668 1916 castrorum,
684 1861 729 1910 Ju-

61 1929 106 1974 lius
124 1927 216 1981 Grstus,
239 1932 353 1987 tmrrqnarn
371 1927 442 1981 fratri,
459 1927 518 1988 apud
536 1926 651 1974 Othoncm
670 1928 731 1973 mili·

61 1993 125 2047 tanti,
142 1992 291 2053 proditionem
300 1999 392 2054 ageret3
409 2006 460 2038 cum
471 1991 562 2038 fratrem
574 1993 630 2054 eJ‘ns,
642 1991 729 2039 Juliam

61 2057 210 2112 Frontonem,
227 2057 347 2112 tribunum,
359 2056 483 2104 Othoniani
495 2057 536 2103 suh
546 2057 624 2103 eodem
637 2058 731 2103 crimine

60 2123 196 2170 vinxissent.
230 2119 345 2169 Ceterum
362 2137 389 2169 ea
407 2123 488 2182 abique
504 2121 601 2168 formido
618 2121 661 2168 fait
673 2120 731 2184 apud

61 2187 183 2250 fagientes,
200 2193 350 2242 occursantes,
366 2188 391 2232 in
407 2188 462 2240 acie,
478 2200 519 2248 pro
536 2187 603 2241 vallo,
620 2194 646 2233 ut
663 2185 732 2233 deleri

60 2268 113 2300 cum
125 2253 231 2299 universo
242 2253 343 2299 exercitu
355 2249 471 2300 worm
485 2253 591 2314 potuisse,
608 2253 632 2298 ni
649 2251 731 2298 Sueto·

63 2319 114 2364 nius
126 2317 235 2364 Paulinus
246 2318 344 2380 receptui
355 2317 481 2373 cecinisset,
490 2317 590 2377 atrisque
601 2316 732 2378 inpartibus

59 2383 219 2446 percrebuerit.
251 2381 412 2438 limuisseae,
425 2381 756 2430 Yauhnnsiereoausanm

55 2449 151 2511 imper
158 2449 243 2499 loboris
250 2464 280 2500 ae
291 2451 391 2506 itineris,
398 2442 680 2512 ne‘iiseh‘ranusmhes,
686 2440 801 2525 Q

51 2516 175 2572 ⁰0⁸⁸!ss
198 2518 280 2569 fessos
301 2519 489 2588 aggrederetur,
506 2519 537 2560 et
553 2503 680 2572 pertusas
716 2553 748 2593 Ὢ

44 2584 109 2628 aaa
129 2585 269 2638 aarum
290 2589 369 2640 rores.
408 2583 491 2652 anua
505 2586 609 2645 waso*
627 2560 725 2610 Μ
797 2604 800 2609 -

37 2644 148 2714 lmus
168 2655 200 2706 in
213 2658 315 2727 tulgus
326 2660 447 2711 ananan
456 2635 647 2753 Wstqllg*
