1612 3150
43 59 131 132 giones,
140 64 241 101 exarmat
251 55 361 108 cohortes,
373 69 433 101 nova
424 24 542 114 quotidie
544 23 577 99 ise

42 121 168 167 ministrat·
188 119 275 180 siquid
292 119 377 165 ardoris
394 134 420 165 uc
435 117 525 164 serociae
543 118 578 163 mii

43 185 132 248 popinis
142 191 165 230 et
176 184 369 230 comissationibus
380 191 402 229 et
413 182 517 259 principis
525 183 579 227 imin

44 250 132 296 teritur.
163 247 214 294 Tibi
226 263 239 293 e
249 246 332 296 Judaeu
348 256 372 293 et
377 245 454 324 'Syriai
468 256 491 293 et
508 247 580 309 AEgyp

45 315 147 375 legiones
157 313 258 374 integrae,
276 311 339 358 nulli
350 313 397 358 acie
407 312 529 365 exhaustae,
547 327 581 357 not

43 384 171 438 corruptae;
190 377 227 422 sed
245 377 346 422 firmatus
365 392 406 423 usu
421 377 491 431 miles,
509 376 581 423 ethei

44 443 147 490 externi:
174 441 287 495 classium,
310 441 404 499 uiarum,
428 442 553 487 cohortium
576 457 583 486 ι

45 506 147 554 fidissimi
159 521 170 550 r
200 521 238 552 es:
258 514 281 553 et
293 513 331 552 tua
341 514 393 552 ante
404 521 482 552 omues
493 507 581 568 exporie

81 569 179 616 LXXV
196 568 215 617 Ι.
232 577 246 600 “
256 570 329 616 Nobis
337 571 391 617 nihil
403 572 462 617 ultro
472 571 585 633 urrogubo,

46 645 100 700 post
111 634 231 681 Valentem
243 650 269 681 oc
278 633 394 683 Caeciuam
406 651 556 682 numeremur.

47 701 182 748 Mucianum
193 701 279 746 socium
296 701 411 762 spreveris,
428 702 481 762 quio
496 701 586 748 aernulur

47 765 139 828 periris:
159 779 196 812 rue
208 763 299 810 Vitellio
311 772 429 827 antepono,
440 773 464 811 te
474 767 536 812 mihi.
567 764 587 812 T

47 829 182 891 triumphale
197 845 286 882 nomen,
304 829 349 876 duo
359 831 462 891 juvenes,
479 845 549 893 capax
560 832 588 893 J'u

47 895 111 947 ulter,
120 902 143 940 et
151 895 228 956 primis
236 894 321 940 miiitiae
329 896 394 942 annis
402 896 459 957 apud
469 896 589 943 Germanic

45 960 160 1006 exercitus
176 959 256 1005 clarus.
288 959 417 1006 Absurdum
431 959 505 1012 suerit,
522 975 590 1006 nono

48 1025 110 1086 perio
122 1024 149 1076 ei.
166 1025 229 1086 cujus
240 1023 309 1070 tilium
326 1024 470 1086 adoptaturus
484 1039 592 1079 cssem‚s

48 1103 157 1151 potarem.
190 1086 322 1136 Caeterum'
317 1096 375 1135 iuter
386 1104 427 1134 nos
438 1104 484 1135 non
491 1089 549 1135 idern
556 1105 593 1150 prc

49 1154 237 1214 adversarumque
248 1169 322 1200 rerusn
330 1154 389 1240 ordo
400 1154 449 1234 erit.
482 1154 550 1207 Nam,
568 1155 586 1199 si

48 1218 122 1258 unum
230 1218 335 1246 mas·—
373 1219 406 1238 ¹¹
