1612 3150
166 67 228 112 missi
239 39 340 113 fficiam
350 39 449 125 gustes:
463 39 545 126 agmen
553 39 669 124 legionum
680 62 699 107 ir

165 131 198 176 lus
216 131 284 178 stetit.
316 129 368 176 Nec
378 135 495 176 cunctatus
506 135 541 175 est
549 126 655 174 Vitellius
671 141 699 173 so

165 197 242 242 hortcs
253 194 343 241 arbitrio
349 193 583 255 victorispermittere.
615 190 650 238 Et
659 190 699 237 mil

166 275 235 314 arma,
252 260 311 307 haud
322 258 396 305 minus
410 255 448 312 irai,
465 272 532 318 quam
543 263 605 303 metu
615 255 699 317 abjecit

166 325 291 370 deditorum
302 323 365 376 ordo,
381 329 458 385 septus
467 323 564 376 armatis
575 336 615 384 per
627 319 698 367 Urber

167 404 234 435 neruo
243 388 335 451 supplici
343 387 414 442 vultu,
423 387 463 434 sed
470 387 546 433 tristes
556 393 581 431 et
589 392 671 439 truces,
678 391 698 431 et

166 454 256 515 plausus
278 467 304 499 ec
325 452 440 498 lasciviam
461 450 590 498 insultantis
611 449 674 511 vulgi

167 518 256 565 Paucos
267 531 383 579 erumpere
392 531 466 571 ausos,
482 515 618 577 circumjecti
625 509 698 576 pressi

166 582 190 628 in
199 582 322 629 custodiam
334 581 424 628 conditi.
457 579 522 626 Nihil
532 581 648 641 quisquam
656 579 698 625 loci

167 662 237 703 nuru3
261 652 290 700 et,
314 659 447 705 quamquam
466 646 525 692 inter
543 644 642 699 advena,
662 643 698 690 sal*

167 710 235 757 fama.
265 709 328 757 Dein
339 708 368 755 L.
377 707 484 755 Vitellius
499 707 637 761 interficitur,
652 721 693 769 por

167 777 214 829 tris,
226 774 250 820 iu
260 774 385 835 principatu
396 773 444 834 ejus
454 773 598 834 vigilantum
616 786 658 818 uec
668 786 697 833 pe

167 837 652 955 peffimupnebppppfipnnffl
665 915 698 947 u

166 968 249 1027 equite,
266 966 295 1012 ad
311 966 488 1026 componendam
500 964 647 1029 campaniam
658 967 698 1012 mil

168 1032 271 1078 cordibus
289 1030 460 1091 municipiorum
479 1031 566 1085 animis,
582 1030 657 1092 magis
675 1030 697 1076 in

168 1110 235 1157 quam
252 1093 393 1143 coutumacii
408 1096 516 1143 mamus
531 1096 662 1158 prlncipem.
694 1095 698 1103 '

166 1161 246 1222 quies;
257 1167 281 1207 et
288 1160 410 1208 minoribus
420 1160 515 1208 coloniis
522 1162 649 1224 impunitas.
674 1156 698 1208 C

167 1226 234 1273 tertie
251 1226 363 1272 hiemandi
378 1224 446 1272 causi
455 1225 549 1280 locatur,
565 1233 589 1272 et
599 1225 679 1271 (lomus
689 1225 696 1269 i

166 1289 251 1347 flictae;
267 1305 319 1336 cum
330 1297 409 1337 contra
419 1289 592 1338 Tarracinenses
603 1287 665 1336 nulli
675 1304 697 1351 o}

167 1363 211 1429 tur.
243 1352 320 1430 Tanto
336 1355 459 1430 proclivius
473 1355 618 1430 estlinjuriae
635 1368 697 1431 quattu
