1612 3150
37 14 111 106 ituni;
130 24 222 95 Otiione
232 62 271 109 per
281 37 357 93 literas
367 46 490 109 flagitante,
502 58 528 95 ut
539 61 647 100 maturari

36 116 139 168 militibus,
152 119 177 159 ut
193 113 313 174 imperator
328 127 413 173 pugnae
425 113 520 167 adesset,
531 118 647 176 posceutab

35 181 125 240 ›lerique
137 178 212 239 copias
229 184 291 222 trans
303 175 389 223 Padum
407 186 501 239 agentes
512 180 580 226 acciri
592 190 646 243 poet

33 252 86 293 iant.
119 242 171 289 Nec
186 242 279 304 perinde
294 241 408 302 dijudicari
418 250 499 302 potest,
517 244 571 304 quid
582 247 645 307 aptiu

32 312 86 358 factu
97 308 171 362 suerit,
182 322 249 367 quam
259 306 380 367 pessimum
392 305 470 363 fuisse,
481 308 543 367 quod
552 308 641 357 factum

60 373 114 420 XL.
131 372 186 418 Non
195 379 220 418 ut
231 372 258 418 ed
269 386 375 433 pugnem,
391 372 430 417 aed
447 372 475 418 ud
490 373 627 429 bellandum,
638 392 643 425 t

29 441 84 493 beai,
92 436 232 485 confluentes
240 434 296 483 Padi
304 443 327 482 et
334 435 424 482 Adduae
431 435 559 494 fluminum,
568 430 642 487 XVI'

28 506 120 551 millium
140 503 213 563 spatio
231 502 345 555 distantes,
362 502 473 562 petebant.
508 500 579 550 Celso
589 505 640 552 et]

26 572 71 617 iiuo
82 569 235 620 abnuentibus,
245 566 339 612 militem
350 567 429 612 itinere
435 566 526 621 fessum,
535 569 631 617 sarcinis

26 651 85 689 vem,
97 634 192 695 objicere
202 632 269 687 hosti,
280 647 326 678 uon
338 632 469 687 admissuro,
479 648 525 692 qun
536 635 612 681 minus
622 651 637 682 e

25 702 92 754 ditus,
103 708 126 744 et
137 699 177 743 uix
187 707 282 758 quatuor
298 696 369 743 miliia
384 712 489 758 passuum
500 714 635 761 progressus

25 763 186 825 incompositos
196 764 220 809 in
228 762 324 825 agmine,
337 770 376 807 aut
386 762 497 823 dispersos
508 771 530 808 et
541 763 627 811 vallum

23 832 103 876 lientes
114 827 281 890 aggrederetur.
308 824 413 872 Titianus
423 834 447 873 et
458 826 575 881 Proculus.
588 830 625 877 ubi

24 895 79 941 siliis
87 896 235 946 vincerentur,
250 892 278 938 ad
291 892 330 954 jus
341 891 427 953 imperii
442 893 572 941 transibant
605 894 629 941 A

23 975 77 1006 sune
88 961 146 1004 citus
157 974 215 1017 equo
225 956 326 1003 Numida
331 971 382 1002 cum
389 958 501 1003 atrocibus
511 958 630 1015 mandatis,

24 1026 66 1071 bus
78 1023 147 1077 Otho,
159 1020 266 1084 increpiti
277 1023 358 1068 ducum
365 1019 469 1083 segnitia,
476 1037 523 1069 rem
534 1024 558 1069 in
569 1023 629 1071 diser

23 1090 82 1135 mitti
90 1088 195 1149 jubebam
214 1103 275 1150 teger
283 1085 353 1141 moni,
364 1094 388 1133 et
398 1087 446 1148 spei
456 1087 583 1149 impatiens.

57 1151 126 1199 XLI.
144 1152 231 1199 Eidem
242 1152 286 1209 die,
303 1152 332 1198 ad
344 1150 467 1207 Caecinam,
486 1154 549 1214 operi
567 1156 626 1215 pont

249 1218 354 1244 ,ηε-...Μ
371 1218 496 1256 ‘minantium
513 1218 602 1266 tribuni·
618 1236 624 1265 i
