1612 3150
179 25 392 94 decoriscupidine,
409 47 548 79 reverentius
565 53 588 78 et
599 57 633 92 aq
637 61 701 77 .....

178 98 239 143 bunt.
267 96 352 143 Gravis
360 97 457 158 alioquin
470 97 548 143 seditio
557 104 677 150 exarserat,
689 111 701 156 q

177 163 242 208 initio
255 162 406 224 (nequeenim
415 170 489 207 rerum
497 177 511 207 a
520 159 613 209 Caecini
621 168 701 223 gesturi

179 228 311 288 interrumpi
328 225 468 287 oportuerat)
481 234 587 287 repetam.
622 225 701 274 Cohor

179 306 236 344 rum,
253 307 309 352 quus
325 291 383 337 bello
400 290 499 337 Neronis
510 306 524 336 a
535 288 699 351 quartadecimb

177 371 274 418 gressus,
299 371 351 402 cum
373 355 514 401 Britanniam
534 363 643 417 peterent.
661 355 698 400 aut'

178 429 248 474 motu,
265 421 288 467 in
299 421 391 467 civitate
401 419 533 482 Lingonum
546 419 615 466 Fabio
626 418 696 465 Valer

176 485 300 538 retulimus,
324 486 417 546 superbe
438 487 548 547 agebant3
573 493 598 531 ut
619 485 695 545 cujusq

177 551 272 597 tentoria
281 552 432 603 accessissent,
449 551 559 596 coercitos
570 564 583 595 a
595 564 619 595 ae
629 557 693 609 quart

176 615 271 661 ablatum
284 614 370 661 Neroni
380 613 477 671 Italiam,
494 622 560 676 atque
571 613 692 660 omnembr

175 680 199 725 in
210 681 309 741 ipsorum
326 694 393 725 mauu
408 681 480 733 sitam.
491 681 612 741 jactantes.
646 677 690 726 Cor

175 744 198 788 id
208 744 321 797 militibus,
338 745 442 790 acerbum
453 745 517 790 duci:
537 744 686 805 corruptajur

175 808 304 869 disciplina:
323 809 351 854 ad
362 818 500 870 postremum
512 808 597 854 Valens
612 824 625 853 e
635 817 686 869 petu

174 871 288 934 perfidiam
300 874 446 935 suspectabat.

208 936 331 984 XXVIII.
345 937 418 999 Igitur
427 939 505 986 nuntio
513 940 587 993 allato,
595 939 681 1000 pulsam

174 1002 232 1048 alam
244 1000 394 1063 Tungrosque
406 1018 419 1049 a
429 1004 500 1050 classe
512 1004 616 1058 Othonia,
633 1011 656 1049 et
668 1003 682 1049 l

177 1067 275 1113 Galliam
286 1068 412 1124 circumiri;
429 1069 496 1117 simul
511 1068 566 1115 curu
577 1069 650 1115 socios
661 1075 679 1113 tr

172 1132 231 1177 litari
242 1140 292 1177 astu
304 1133 406 1178 cohortes
422 1133 527 1186 turbidas,
545 1149 577 1187 ac,
595 1134 612 1179 si
624 1131 670 1178 uni

173 1196 258 1226 ...nnn
282 1196 437 1244 numerandi:
455 1205 540 1246 nartem
558 1196 677 1244 Batavorm
