1612 3150
321 11 438 55 ...grunno
458 3 566 42 crvrtutun

116 84 172 106 ......
178 75 214 103 um
227 60 313 104 animos
325 75 454 120 aggressus,
468 59 571 122 Hispolie

39 126 194 171 rneritensibus
219 123 352 169 familiarum
369 125 511 186 adjectiones,
541 125 577 170 Li1

36 191 126 236 liversis
148 189 261 234 civitatem
285 188 418 242 Romanam,
443 191 565 250 provinciae

36 255 146 300 [aurorum
164 254 266 298 civitates
282 254 342 298 dono
358 254 431 299 dedit:
452 270 513 301 nove
523 257 576 317 jura

36 321 88 373 nise,
106 333 166 364 nova
179 317 271 370 Afrieae,
288 320 386 364 ostentui
399 319 480 381 magis,
491 335 558 380 quam
570 335 592 366 m

35 393 80 430 tter
91 398 149 444 quae,
166 383 298 429 necessitate
309 385 453 443 praesentium
467 400 540 431 rerum
556 397 580 431 et
597 423 599 429 .

36 451 75 495 bus
87 448 146 494 euris
156 454 275 511 excusatu,¹
287 464 316 494 ne
327 454 374 494 tum
386 450 475 509 quidem
487 450 603 495 immemor

36 529 73 568 rm,
92 518 176 559 statuat
194 511 301 574 Poppaeae
318 528 358 574 per
374 515 605 560 senatus-consultum

36 579 68 626 rit.
103 575 208 626 Creditus
218 585 254 624 est
265 578 331 624 etiarn
343 578 371 624 de
382 578 514 625 celebrandi
525 579 612 625 Neroni

37 640 88 691 oriri
96 643 223 704 agitavisse,
236 657 275 703 spe
284 642 377 703 vulgum
389 643 512 689 alliciendi:
532 652 555 689 et
565 641 619 690 suin

42 709 129 770 regines
145 706 245 754 Neronis
257 715 422 768 proponerent:
443 715 509 768 atque
520 708 587 754 etiam
599 707 624 754 0

48 773 148 820 ibusdnrn
160 773 237 818 diebus
248 772 343 834 populus
354 780 377 818 et
388 773 459 826 miles,
478 781 591 832 tamqnam
605 788 630 818 ne

52 853 86 885 em
103 852 129 883 ae
147 837 215 883 decus
227 837 373 892 adstruerent,
390 838 509 884 “Neroni
521 836 630 891 ononi?

57 903 129 949 navit.
162 900 215 963 Ipse
226 903 248 947 in
260 917 368 965 suspenso
380 905 457 957 tenuit,
469 902 559 949 vetandi
568 909 637 957 metu,

65 967 157 1014 oscendi
168 967 261 1028 pudore.

69 1030 173 1078 xxix.
191 1029 314 1080 Conversis
325 1032 352 1078 ad
364 1033 430 1078 civile
440 1033 522 1079 bellum
539 1032 626 1086 animis,

73 1113 83 1143 ι
100 1097 149 1142 sine
163 1094 217 1142 cuni
235 1097 377 1143 habebantur.
411 1097 448 1143 Eo
460 1098 578 1143 audentius
590 1096 640 1143 Rho

88 1161 215 1208 Sarmatica
224 1176 289 1223 gens.
305 1162 379 1222 priore
390 1162 464 1207 hieme
475 1163 539 1208 caesis
550 1162 636 1208 duabus

82 1228 126 1280 ius,
144 1223 227 1287 mugnt
238 1241 276 1286 spe
287 1226 315 1271 ad
327 1225 452 1272 Moesiam
447 1234 586 1288 irruperant3
603 1242 640 1273 noi

90 1291 213 1350 equitum,
230 1289 340 1336 ferociora
357 1306 469 1345 successu,
486 1299 509 1337 et
520 1291 603 1379 praedae
614 1307 640 1337 rn

109 1369 193 1416 pugnae
210 1355 302 1401 intenta.
340 1353 414 1432 Ipitur
432 1371 503 1400 vano

99 1419 167 1470 lenio,
184 1419 330 1470 adiuncti-«⁸⁰
