1680 3298
49 164 63 203 J
67 190 71 201 .
80 163 104 201 c.
112 166 145 206 71.
165 153 412 203 HISTORIARUM
423 154 476 202 Lm.
486 154 531 204 IV.
542 155 648 205 Canssd.
683 160 728 205 173

56 298 101 345 tur,
118 287 207 350 vulgus,
224 287 330 333 alimenta
348 286 372 332 in
391 287 438 333 dies
457 288 550 334 mercari
570 288 666 341 solitum,
689 289 725 334 cui

56 369 103 401 una
113 369 142 400 ex
153 350 265 415 republici
275 367 372 399 annonae
381 366 440 406 cura,
452 353 552 399 clausum
560 353 620 406 litus,
633 353 725 399 retineri

56 426 202 473 commmtus,
214 418 268 463 dum
279 418 350 472 timet,
362 416 479 475 credeban
496 418 630 479 augentibus
640 417 723 464 famam

56 483 191 538 Vitellianis,
208 482 246 542 qui
257 482 355 529 studium
366 481 462 544 partium
474 483 573 529 nondum
585 489 721 544 posueraut;

56 564 87 596 ne
97 548 220 595 victoribus
234 546 323 607 quidem
338 547 427 608 ingrato
437 562 533 602 rumore,
550 562 645 608 quorum
660 547 723 609 cupi-

56 614 145 667 ditates,
156 613 256 659 extemis
266 626 354 672 quoque
369 611 433 658 bellis
444 612 596 675 inexplebiles,
606 611 668 660 nulla
678 627 723 659 un·

56 692 124 740 quam
135 677 207 723 civilis
218 676 312 723 victoria
321 676 418 723 satiauit.

88 739 215 789 XXXIX.
232 739 284 787 Kal.
298 739 412 789 ianuariis
428 743 452 787 in
467 747 552 796 senatu,
568 756 635 802 quem
646 740 722 790 Julius

55 806 188 860 Frontinus,
204 813 287 866 praetor
301 807 405 861 urbanus,
422 816 549 864 vocaverat,
564 807 646 868 legatis
657 821 722 854 exer·

57 872 183 931 citibusque
195 885 222 917 ac
237 871 333 932 regibus,
348 871 425 917 laudes
435 880 555 932 gratesque
569 871 679 917 decretae:
700 878 724 917 et

56 935 138 983 Tertio
149 933 240 985 Juliano
250 941 354 997 praetura,
365 941 478 996 tamquam
488 936 687 996 transgredientem
698 936 722 982 in

55 1007 132 1064 partes
143 998 276 1061 Vespasiani
285 999 399 1061 legionem
410 1001 550 1055 deseruisset,
567 1000 645 1054 ablata,
663 1006 688 1047 ut
698 1001 723 1046 in

58 1065 160 1113 Plotium
183 1064 294 1126 Griphum
316 1063 480 1112 transferretur.
513 1063 603 1111 Hormo
625 1066 646 1111 di
665 1065 724 1111 nitas

57 1130 167 1190 equestris
184 1129 243 1176 data.
275 1127 309 1176 Et
319 1144 382 1187 mox,
398 1131 499 1192 ejurante
509 1128 626 1185 Frontino,
645 1081 724 1178 gaasar

57 1194 205 1244 Domitianus
221 1201 341 1256 praeturam
358 1195 423 1256 cepit.
456 1194 514 1256 Ejus
524 1210 608 1241 nomen
624 1194 723 1257 epistolis

56 1260 180 1320 edictisque
191 1260 363 1321 praeponebatur
367 1276 376 1317 ;
392 1259 429 1306 vis
437 1274 506 1321 penes
514 1259 647 1306 Mucianum
659 1266 724 1317 erat3

57 1325 102 1373 nisi
112 1324 172 1385 quod
185 1325 291 1386 pleraque
300 1324 454 1380 Domitianus,
470 1325 628 1385 instigantibus
638 1323 723 1379 amicis,

57 1396 97 1438 aut
112 1388 201 1451 proprii
217 1389 315 1447 libidine,
332 1389 434 1439 audebat.
466 1388 512 1435 Sed
528 1390 655 1451 praecipuus
665 1388 723 1436 Mu-

56 1456 122 1502 ciano
137 1460 211 1501 metus
222 1453 324 1501 e-ano
335 1453 437 1501 Antonio
449 1452 556 1514 Varoque
567 1453 649 1511 Arri03
667 1469 724 1515 quos

57 1525 168 1571 recentes,
185 1520 301 1580 clarosque
317 1534 392 1566 rerum
408 1516 510 1566 samaiae
526 1519 622 1565 militum
637 1519 734 1574 studiis,

57 1585 126 1632 etiam
138 1584 233 1644 populus
246 1582 343 1638 fovebat,
358 1584 411 1644 quia
421 1585 444 1630 in
459 1584 572 1642 neminem
584 1585 643 1631 ultra
652 1585 723 1631 aciem

57 1648 186 1697 saevierant.
225 1646 259 1695 Et
283 1648 395 1697 ferebatur
415 1648 531 1696 Antonius
553 1648 724 1695 Scribonianum

58 1711 177 1767 Crassum,
193 1713 291 1775 egregiis
301 1713 421 1774 majoribus
431 1721 455 1760 et
462 1712 560 1760 fraterni
571 1714 669 1775 imagine
678 1712 724 1761 ful·

58 1782 161 1841 gentem,
170 1777 198 1823 ad
206 1778 362 1841 capessendam
369 1779 528 1840 rempublicam
537 1779 652 1834 lrortatus3
664 1778 723 1825 haud

57 1839 165 1891 defuturi
181 1843 322 1891 consciorum
338 1859 413 1898 manu,
430 1844 453 1889 ni
466 1843 623 1890 Scribonianus
633 1843 724 1889 abnuis·

57 1914 101 1962 set,
114 1921 143 1953 ne
153 1908 235 1968 paratis
243 1909 331 1968 quidem
342 1909 454 1969 corrumpi
465 1906 542 1963 facilis,
554 1908 610 1962 adeo
621 1915 725 1955 metuens

56 1975 151 2020 incerta
184 1971 259 2034 Igitur
278 1972 406 2028 Mucianus,
428 1973 479 2033 quia
497 1972 610 2035 propalam
630 1971 726 2033 opprimi

58 2037 176 2085 Antonius
192 2039 304 2098 nequibat,
321 2038 397 2085 multia
408 2039 431 2084 in
443 2044 521 2085 senatu
532 2038 633 2084 laudibus
644 2052 724 2084 cumu-

55 2104 136 2157 htum,
144 2104 236 2149 secretis
242 2103 358 2166 promissis
365 2111 451 2157 onerat,
457 2103 582 2150 citeriorem
590 2101 725 2164 Hispaniam

56 2175 181 2222 ostentans,
198 2168 297 2215 discessu
310 2166 385 2216 Cluvii
396 2167 451 2215 Rufi
461 2182 571 2224 vacuam3
589 2167 656 2213 simul
667 2167 724 2212 ami·

56 2233 91 2279 cis
105 2233 159 2294 ‚ejus
177 2233 301 2281 tribunatus
316 2233 508 2295 praefecturasque¹
520 2233 621 2294 largitur.
654 2230 725 2288 Dein,

54 2303 175 2361 postquam
184 2298 273 2345 inanem
282 2299 381 2351 animum
392 2314 433 2360 spe
442 2306 466 2346 et
475 2298 578 2360 cupidine
586 2296 726 2359 impleverat,

54 2363 119 2413 vires
129 2362 217 2420 abolet3
234 2362 326 2411 dimissi
335 2364 359 2411 in
370 2364 462 2411 hiberna
470 2364 562 2425 legione
572 2360 673 2425 septimi,
683 2375 724 2407 cu·

50 2429 92 2491 jars
110 2426 298 2488 flagrantissimus
315 2427 339 2475 in
357 2428 485 2475 Antonium
504 2442 574 2474 amor.
608 2426 641 2473 Et
660 2425 727 2475 tertia

54 2492 125 2554 legio,
148 2490 263 2543 familiaris
278 2492 348 2541 Arrio
366 2492 429 2539 Varo
448 2493 519 2548 miles,
536 2493 559 2538 in
580 2492 668 2553 Syriam
688 2505 724 2537 re-

54 2557 132 2604 missa.
165 2556 222 2604 Pars
232 2558 345 2607 exercitis
355 2559 380 2607 in
392 2558 533 2608 Germanias
542 2557 680 2607 ducebatur.
695 2554 745 2601 Sua

46 2627 135 2681 egesto,
151 2621 259 2684 quidquid
271 2625 397 2686 turbidum,
415 2616 764 2681 redtrUrnsuatomaa*
812 2616 819 2629 ¹

32 2695 132 2742 ΜΗΘ,
150 2692 175 2733 et
184 2689 267 2739 munia
279 2693 482 2761 magistratuum·
800 2708 815 2729 t

509 2767 564 2817 oa
807 2724 820 2821 l
