1680 3298
93 156 116 195 J.
126 156 150 196 C.
159 160 191 202 to.
219 151 464 202 HISTORIARUM
477 152 527 200 Lm.
536 151 580 200 IV.
592 152 651 203 Car.
659 160 696 202 22.
717 159 760 204 163

94 284 174 346 trepidi
193 285 305 345 petebant.
339 282 372 329 Ibi
391 283 511 344 plurimum
532 285 614 330 cladis:
641 287 761 333 cumulatae

93 349 224 410 corporibus
238 347 318 395 fossae:
337 363 379 393 nec
397 349 457 394 caede
476 355 562 394 tantum
582 356 605 394 et
624 349 759 405 vulneribus,

94 413 135 461 sed
151 410 215 459 ruini
232 419 255 458 et
273 414 318 458 suis
332 413 431 473 plerique
441 413 491 457 telis
502 410 612 458 interiere.
646 413 759 468 Victores,

94 476 184 524 colonia
190 477 388 538 Agrippinensium
400 475 477 534 vitati,
489 477 544 521 nihil
555 484 637 523 caetero
644 479 668 524 in
679 479 759 526 itinere

93 542 175 588 hostile
191 541 246 596 ausi,
264 540 386 587 Bonnense
402 541 505 602 proelium
525 543 674 598 excusabant;
699 551 757 590 tam·

93 620 169 667 quam,
185 604 255 667 petitia
272 620 333 666 pace,
348 611 465 666 postquam
483 606 611 667 negabatur,
628 607 759 670 sibimetipsi

93 669 268 718 consuluissent.

127 732 200 780 XXI.
224 732 309 787 Civilis,
334 734 431 780 adventu
452 740 606 781 veteranarum
625 737 758 792 cohortium,

89 799 147 863 justi
159 800 207 860 jana
224 796 335 844 exercitiis
345 798 429 853 ductor,
447 799 486 844 sed
496 799 581 845 consilii
593 800 716 862 ambiguus,
733 808 758 847 et

93 864 141 911 vim
164 862 290 909 Romanam
308 870 420 923 reputans,
444 870 543 917 cunctos,
560 863 598 923 qui
618 865 715 917 aderant,
732 866 755 911 in

93 927 163 974 verba
181 926 311 988 Vespasiani
327 927 411 988 adigit3
427 928 539 987 mittitque
556 927 642 988 legatos
657 929 684 974 ad
702 930 756 976 duas

94 993 203 1055 legiones,
219 1007 277 1051 quae,
292 990 366 1051 priore
382 991 429 1037 acie
445 991 522 1052 pulsae,
538 993 561 1037 in
581 992 666 1038 Vetera
684 1000 756 1040 castra

94 1063 258 1111 concesserant,
270 1055 363 1101 utilem
372 1064 533 1102 sacramentum
541 1057 674 1117 acciperent.
690 1056 753 1104 Red-

92 1122 154 1169 ditur
164 1135 301 1183 responsum,
318 1135 389 1180 neque
406 1121 524 1180 proditoris
538 1134 610 1179 neque
621 1121 718 1167 hostium
729 1137 754 1169 se

91 1185 191 1234 consiliis
199 1186 239 1232 uti.
271 1184 330 1231 Esse
341 1185 382 1229 sibi
388 1183 505 1230 Vitellium
515 1184 644 1246 principem,
656 1200 696 1246 pro
707 1200 752 1247 quo

90 1250 159 1298 iidem
176 1258 200 1297 et
215 1265 277 1296 arma
294 1263 364 1309 usque
382 1248 409 1294 ari
426 1263 554 1309 supremum
566 1249 666 1310 spiritum
678 1256 752 1297 reten-

92 1323 170 1364 turost
189 1313 282 1375 proinde
289 1312 384 1375 perfuga
393 1312 494 1360 Batavus
504 1313 610 1359 arbitrum
618 1328 692 1360 rerum
703 1313 754 1362 Ro·

90 1395 208 1428 manarum
220 1394 249 1425 ne
260 1384 343 1439 egeret,
360 1378 399 1424 sed
413 1378 502 1424 meritas
518 1379 607 1424 sceleris
623 1393 701 1440 poenas
712 1392 753 1426 ex·‘

90 1451 208 1507 spectaret.
242 1441 302 1496 Quae
312 1441 349 1488 ubi
360 1442 428 1488 relata
440 1440 514 1495 Civili,
530 1443 634 1489 incensus
645 1441 685 1498 ht,
701 1445 752 1490 uni-

89 1523 180 1557 versam
188 1507 326 1555 Batavorum
334 1513 425 1568 gentem
437 1507 460 1552 in
472 1521 532 1552 arma
542 1507 606 1567 rapit.
622 1507 754 1569 iunguntur

91 1572 198 1622 Bructeri
208 1570 365 1632 Tencterique,
382 1579 405 1618 et
415 1572 488 1618 excita
498 1572 582 1618 nuntiis
594 1573 716 1620 Germania
726 1575 754 1621 ad

90 1638 191 1700 praedam
201 1635 334 1696 famamque.
363 1657 364 1660 ¹

125 1698 211 1746 XXII.
234 1700 351 1747 Adversus
368 1703 408 1748 has
425 1702 477 1748 belli
498 1702 651 1749 concurrentis
672 1702 752 1759 minas,

90 1765 161 1828 legati
175 1764 298 1826 legionum,
316 1765 441 1813 Mummius
457 1765 573 1828 Lupercus
592 1776 615 1813 et
634 1767 752 1816 Numisius

90 1829 175 1883 Rufus,
183 1829 266 1875 vallum
276 1845 396 1890 murosque
405 1829 529 1878 firmabant.
555 1832 665 1878 Subversa
675 1832 752 1894 longae

89 1895 153 1958 pacis
164 1909 236 1955 opera,
248 1895 306 1940 haud
317 1895 394 1956 procul
404 1897 488 1950 castris,
500 1897 523 1942 in
534 1897 625 1942 modum
637 1898 752 1961 municipii

87 1964 209 2013 exstructa,
226 1973 255 2005 ne
268 1959 367 2006 hostibus
381 1961 431 2005 usui
441 1960 522 2007 forent.
554 1960 598 2006 Sed
607 1976 685 2022 pamm
696 1972 749 2023 proi
815 1968 817 1970 ’

87 2025 169 2079 visum,
187 2031 212 2070 ut
229 2024 299 2084 copiae
313 2024 336 2070 in
347 2032 420 2070 castra
431 2026 621 2071 conveherentur:
640 2027 687 2086 rapi
697 2041 749 2086 per·

87 2085 177 2136 misere.
217 2085 253 2135 Ita
270 2088 347 2150 paucis
366 2089 442 2136 diebus
460 2105 499 2150 per
517 2089 630 2135 licentiam
648 2091 751 2137 absumta

87 2144 148 2208 simt,
164 2167 216 2214 quae
230 2152 337 2199 adversus
355 2154 498 2200 necessitates
509 2154 532 2200 in
543 2154 637 2216 longum
649 2153 749 2201 suffecis-

86 2224 145 2266 sent.
167 2216 253 2271 Civilis,
262 2217 359 2263 medium
370 2232 453 2280 agmen
461 2234 512 2265 cum
520 2219 598 2266 robore
610 2218 748 2265 Batavorum

86 2283 196 2338 obtinens,
220 2289 336 2342 utramque
352 2281 428 2341 Rheni
447 2283 524 2344 ripam,
540 2299 585 2343 quo
603 2283 750 2329 truculentior

83 2345 209 2403 visuforet,
227 2345 392 2393 Germanorum
403 2348 498 2394 catervis
508 2348 611 2409 complet,
627 2347 750 2394 assultante

82 2426 125 2475 per
134 2425 227 2472 campos
238 2411 318 2471 equite.
336 2411 408 2458 Simul
418 2426 487 2458 naves
498 2413 521 2457 in
532 2413 649 2459 adversum
659 2427 749 2458 amnem

84 2476 216 2538 agebantur.
236 2474 300 2521 Hinc
310 2481 466 2524 veteranarum
477 2477 601 2523 cohortium
613 2477 685 2539 signa,
697 2476 750 2523 inde

84 2541 213 2602 depromtae.
223 2540 286 2586 silvis
295 2540 381 2588 lucisve
390 2539 490 2588 serarum
499 2541 626 2604 imagines,
637 2548 669 2587 nt
677 2541 766 2596 cuique

76 2604 146 2665 genti
159 2604 218 2652 inite
231 2605 339 2668 proelium
357 2623 410 2658 mos
427 2615 473 2666 est,
487 2606 567 2657 sumu
573 2602 783 2654 amiciantu-

69 2667 246 2730 willemi&
256 2672 474 2742 obstupefecerant
481 2677 616 2730 obsessos·-
635 2667 804 2728 0.th
