1612 3150
79 84 101 119 et
113 75 192 135 viginti
205 75 293 119 navium
305 74 382 120 classis
393 72 550 135 transfugeret,
562 82 601 119 aut
611 87 677 135 capv-

76 201 133 249 vu.
150 201 217 250 Ciam
227 217 254 248 ea
264 202 356 249 victoria
367 202 390 248 in
405 217 513 263 praesens,
528 201 552 246 in
563 207 678 263 posterum
701 256 705 263 Ι

75 288 79 313 ;
100 283 204 326 armaque
221 274 244 312 et
261 281 334 321 naves,
350 267 429 327 quibus
444 267 581 328 indigebant,
597 265 677 327 adepti,

72 332 101 378 mi
121 348 160 393 per
183 332 315 378 Germanias
335 331 463 391 Galliasque
484 329 552 385 fami,
570 330 678 378 libertatis

70 413 119 443 ores
130 396 300 442 celebrabantur.
326 396 455 442 Germaniae
466 396 540 443 statim
552 392 635 441 mittite
644 395 677 441 le·

62 479 89 513 s,
107 461 187 506 auxilia
198 460 322 507 offerentes.
356 460 479 507 Galliarum
494 461 624 507 societatem
636 456 676 507 ci·

59 543 69 572 s
80 536 126 571 arte
137 526 244 584 donisque
254 525 375 578 affectabat,
392 533 468 586 captos
482 525 607 572 cohortium
618 538 677 586 praa·

55 599 88 636 toa
98 606 147 635 suas
159 590 181 634 in
193 591 293 636 civitates
304 590 449 637 remittendo:
464 589 598 643 cohortibus,
610 589 676 644 abire,

58 670 147 700 manere
163 655 262 708 mallent,
278 653 329 700 dalei
344 661 466 717 potestate:
486 654 626 701 manentibus
636 651 678 699 ho·

50 730 96 764 rata
108 719 191 771 militia,
209 718 381 779 digredientibus
396 720 465 780 spolia
476 718 633 766 Romanorum
643 715 678 763 oi·

51 786 150 829 ebanmr.
183 783 255 828 Simul
275 785 366 830 secretis
387 785 525 830 sermonibus
546 783 679 830 admombai

42 849 132 900 alomm,
145 862 196 906 quae
208 854 241 892 tot
251 849 316 894 annis
323 850 426 910 perpessi,
436 849 538 895 miseram
546 847 678 895 servitutem

40 914 74 958 iso
82 928 161 973 pacem
173 918 286 956 vocarent.
317 912 421 967 Batavos,
438 927 571 974 quamquam
583 912 678 959 tributo·

45 993 67 1022 m
85 984 195 1037 expertes,
212 990 273 1021 anna
288 984 366 1023 contro
383 992 513 1024 communes
526 977 677 1023 dominosee-

34 1042 89 1086 isse:
101 1040 173 1100 primi
181 1041 228 1087 acie
235 1038 310 1086 susum
318 1043 446 1102 victumque
455 1041 590 1089 Romanum.
609 1038 678 1095 Qud,

30 1106 36 1149 i
58 1106 138 1151 Galliae
152 1107 234 1166 jugum
254 1105 353 1152 exuant?
370 1114 476 1165 quantum
496 1107 519 1151 in
539 1103 607 1151 Italia
625 1103 678 1151 rell·

24 1170 104 1214 uum?
120 1169 288 1216 Provinciarum
300 1171 408 1230 sanguine
419 1171 544 1231 provincias
556 1169 622 1216 vinci.
639 1166 678 1216 Ne

43 1235 120 1279 indicis
137 1237 207 1279 aciem
223 1235 355 1296 cogitarent.
388 1234 475 1281 Batavo
489 1235 562 1295 equite
571 1232 675 1296 protritos

23 1298 106 1343 uanos
124 1299 294 1358 Arvernosque:
314 1298 382 1345 luisse
401 1301 459 1345 inter
476 1298 579 1361 Verginii
596 1296 672 1345 auxili!

41 1364 115 1396 “ww
135 1377 232 1416 vereque
243 1364 401 1424 reputantibus,
418 1364 514 1411 Galliam
523 1364 617 1410 suismet
624 1362 666 1409 viri

346 1428 389 1452 ¹*
400 1430 498 1473 amnium
507 1435 587 1482 nantes,
596 1427 665 1474 addit<
