1680 3298
71 127 160 171 tcto.
185 121 429 172 HISTORIARUM
437 123 489 171 Lm.
498 122 542 170 IV.
553 123 611 170 Car.
621 123 659 169 25.
687 125 732 170 165

73 254 244 317 aMagontiaco
256 255 392 302 Batavorum
404 258 512 307 cobortes,
530 253 678 300 dissimulatos
690 251 731 299 Ci-

72 319 124 365 vilis
138 328 237 374 conatus,
254 321 332 366 adsciri
343 323 365 367 in
381 323 508 366 societatem
525 321 664 365 Germanos:
685 333 731 362 non

74 382 145 430 Primi
164 386 265 439 Antonii,
289 401 360 446 neque
376 386 485 438 Muciani,
509 400 550 445 ope
569 383 732 444 Vespasianum

127 449 145 494 's
164 450 299 496 adolevisse:
318 458 394 510 aperta
409 451 465 502 odia,
481 463 585 508 armaque
599 448 672 509 palam
691 447 731 492 ‹le-

119 515 139 559 'z
157 513 257 560 fraudem
272 521 295 561 et
306 514 380 561 dolum
392 516 491 567 obscura,
508 528 579 572 eoque
589 511 731 558 inevitabilia.

73 574 170 625 civilem
182 585 241 624 stare
252 586 334 632 contra,
352 588 436 625 struere
447 579 531 624 aciem:
551 575 707 622 Hordeonium
719 591 733 621 e

73 642 175 688 cubiculo
191 650 214 688 et
228 643 310 689 lectulo
322 645 408 706 jubere,
425 642 530 704 quidquid
541 642 599 687 hosti
615 641 731 686 conducat.

73 704 122 752 Tot
140 715 235 753 armatas
252 706 422 754 fortissimorum
444 707 542 753 virorum
564 719 643 751 manus
665 705 732 749 unius

74 771 135 816 senis
149 772 275 818 valetudine
293 773 348 833 regi.
380 771 443 824 Quin
457 772 537 832 potius,
554 768 671 815 interfecto
687 775 737 814 tra·'

73 835 152 887 ditare
169 834 280 882 fortunam
295 838 444 894 virtutemque
458 849 520 879 suam
536 833 595 879 malo
606 834 681 879 omine
691 836 732 877 ex-

51 899 53 902 ’
74 899 195 946 solverent.
211 898 324 946 Hisiinter
335 914 359 945 se
366 900 457 945 vocibus
465 898 582 943 instinctos
589 893 733 944 flammavere

74 963 166 1024 insuper
184 964 257 1010 allatae
275 962 446 1023 svespauano
464 962 541 1016 literae,
558 977 612 1022 quas
631 961 732 1015 Flaccus,

73 1027 127 1087 quia
147 1029 251 1074 occultari
273 1029 399 1087 nequibant,
421 1041 462 1088 pro
484 1026 590 1072 concione
612 1026 728 1072 recitavit:

73 1091 211 1152 vinctosque,
228 1093 266 1153 qui
277 1093 403 1144 attulerant,
420 1091 447 1137 ad
458 1089 574 1136 Vitellium
586 1091 652 1136 misit

107 1155 189 1202 XXV.
214 1156 251 1203 Sic
270 1158 378 1218 mitigatis
399 1156 484 1209 animis,
508 1154 619 1208 Bonnam,
642 1155 733 1200 hiberna

72 1220 152 1284 primae
163 1221 266 1284 legionis,
277 1229 378 1268 ventum.
394 1219 506 1266 infensior
517 1219 561 1265 illic
571 1219 635 1265 miles
646 1219 733 1279 culpam

74 1285 144 1332 cladis
159 1286 182 1332 in
198 1285 354 1333 Hordeonium
365 1286 478 1333 vertebat:
498 1285 545 1347 ejus
551 1285 617 1346 jussu
628 1283 734 1329 directam

74 1351 181 1397 adversus
200 1350 299 1398 Batavos
320 1351 399 1407 aciem,
423 1356 533 1409 tamquam
553 1364 566 1394 a
588 1348 749 1408 Mogontiacox

73 1415 175 1477 legiones
187 1423 342 1476 sequerentur:
356 1414 453 1477 ejusdem
462 1414 586 1476 proditione
594 1428 671 1467 caesos,
683 1411 734 1458 nul·

73 1480 103 1525 lis
114 1481 319 1540 supervenientibus
329 1480 423 1527 auxiliis.
450 1476 533 1540 Ignota
543 1479 591 1524 baec
600 1479 686 1523 caeteris
694 1491 734 1522 ex·

74 1544 185 1598 ercitibus,
195 1559 266 1604 neque
274 1545 399 1605 imperatori
409 1560 449 1590 suo
458 1544 567 1589 nuntiari:
582 1557 632 1588 cum
641 1551 734 1588 accursu

76 1615 111 1653 tot
127 1609 289 1668 pmvinciarum
304 1610 417 1672 exstingui
434 1623 513 1669 repens
530 1605 621 1668 perfidia
631 1607 735 1667 potuerit.

79 1669 225 1718 Hordeonius
245 1673 379 1734 exemplaria
400 1673 499 1720 omnium
520 1673 640 1724 literarum,
657 1672 735 1730 quibus

77 1750 117 1796 per
135 1735 219 1782 Gallias
235 1736 416 1798 Britanniamque
427 1744 450 1784 et
461 1736 582 1798 Hispanias
593 1736 675 1781 auxilia
685 1751 736 1781 ora·

77 1801 121 1852 bat,
130 1801 236 1847 exercitui
245 1803 358 1859 recitavit3
370 1803 508 1860 instituitque
515 1801 635 1861 pessimum
644 1799 736 1854 lacinus,

78 1870 104 1909 ut
119 1865 218 1926 epistolae
233 1866 352 1926 aquiliferis
367 1868 481 1928 legionum
493 1866 645 1920 traderentur3
663 1861 736 1923 aquis

78 1936 131 1974 aute
143 1929 212 1984 militi,
223 1946 289 1991 quam
301 1932 398 1986 ducibus,
413 1933 549 1992 legebantur.
581 1929 641 1974 Tum
653 1944 666 1974 e
678 1929 735 1973 sedi·

77 1994 142 2040 tiosis
153 2009 221 2040 unum
227 1996 305 2041 vinciri
311 1997 381 2058 jubet,
389 1997 460 2058 magis
470 1994 658 2058 usurpandijuris,
669 2007 740 2053 quam

77 2059 130 2120 quia
147 2060 212 2106 unius
228 2061 293 2121 culpa
302 2060 367 2106 foret.
399 2061 521 2120 Motusque
533 2057 614 2105 Bonna
625 2058 735 2103 exercitus

77 2123 102 2170 iu
110 2123 219 2180 coloniam
227 2124 429 2187 Agrippinensem
438 2124 576 2170 affluentibus
584 2122 671 2168 auxiliis
679 2121 736 2167 Gal·

76 2187 160 2244 lorum,
176 2190 213 2248 qui
230 2191 302 2250 primo
320 2205 366 2236 rem
386 2189 512 2236 Romanam
530 2189 595 2233 enixe
610 2187 732 2249 juvabant:

77 2267 139 2308 mox,
156 2255 316 2301 valescentibus
328 2254 453 2308 Germanis,
464 2254 576 2314 pleraeque
587 2252 687 2297 civitates
698 2249 738 2295 ad·

78 2332 170 2366 versum
185 2320 226 2364 nos
242 2327 334 2365 aimatae
351 2334 390 2380 spe
406 2319 526 2373 libertatis3
544 2324 573 2368 et,
590 2317 608 2360 si
625 2315 740 2360 exuissent

79 2382 202 2437 servitium,
210 2382 317 2443 cupidine
327 2383 473 2445 imperitandi.
506 2380 620 2428 Gliscebat
628 2378 741 2424 iracundia

78 2446 200 2508 legionum,
218 2462 260 2492 nec
271 2454 377 2494 terrorem
389 2447 454 2492 unius
468 2446 545 2491 militis
555 2444 644 2490 vincula
654 2443 740 2488 indide-

80 2519 142 2557 rant:
153 2511 207 2570 quin
213 2513 270 2557 idem
279 2512 317 2558 ille
322 2512 429 2573 arguebat
437 2511 495 2555 ultro
501 2509 657 2555 conscientiam
666 2507 744 2560 ducis3
810 2516 815 2527 ¹

78 2581 192 2634 tamquam
200 2576 292 2622 nuntius
302 2577 361 2624 inter
368 2571 703 2634 Civilembleceumquelebso
712 2569 761 2610 cr'x-

71 2627 785 2710 nluetestisveriopprimeretur.Conscendittr'bsunffllss·
