1680 3298
80 127 113 174 .³·
122 127 146 166 C·
157 129 189 172 7⁰·
210 123 460 172 HISTORIARUM
472 124 525 170 Lra.
533 122 582 171 111.
592 122 652 172 Car.
661 127 700 170 47.
718 128 764 172 127

79 257 260 309 ascendebatur.
279 255 452 304 Cartismandua
458 257 605 317 Brigantibus
614 256 763 316 imperitabat,

79 321 180 384 ‚pollens
195 322 324 368 nobilitate:
343 331 366 367 et
384 330 477 368 auxerat
487 322 618 383 potentiam,
635 329 761 382 postquam.

92 392 159 447 capto
176 402 217 447 per
234 387 311 433 dolum
322 402 376 448 rege
387 385 518 441 Caractaoo,
536 386 670 434 instruxisse
682 387 762 432 trium·

90 452 163 513 pbum
175 449 263 500 Claudii
276 449 374 499 Caessris
384 452 508 499 videbatur.
541 449 599 498 Inde
611 466 672 513 opes,
689 458 713 498 et
724 466 761 498 re-

90 530 143 563 rum
151 516 302 562 secundarum
313 515 395 563 luxus:
410 526 485 578 spreto
496 515 607 571 Venutio,
616 517 648 579 (is
658 515 702 562 suit
712 530 761 563 ms·

77 624 80 631 .
91 579 160 641 ritus)
172 581 309 642 armigerum
319 581 375 642 ejus,
392 581 543 634 Vellocatum,
559 581 583 627 iu
594 581 763 628 matrimonium

91 660 234 706 regnumque
242 646 334 707 accepit.
363 643 480 694 Gonoussa
491 646 566 692 statim
577 645 664 707 flagitio
676 646 763 694 domus.

90 709 139 758 Pro
147 711 227 757 marito
238 711 312 757 studia
318 711 415 758 civitatis
421 727 429 768 3
441 727 482 773 pro
488 711 589 758 adultero
599 710 667 756 libido
675 712 762 773 reginae

89 782 115 823 et
135 775 229 822 saevitia.
261 773 337 838 Igitur
346 774 467 830 Venutius,
487 776 563 822 accitis
581 775 675 829 auxiliis,
692 776 761 823 simul

88 839 334 902 ipsorumBrigantum
341 839 632 894 defectioueinextremum
640 839 760 887 discrimen

89 903 288 953 Cartimanduam
310 905 410 951 addimit.
442 905 502 953 Tum
524 907 594 966 petita
612 919 626 951 a
645 903 757 952 Romanis

79 969 206 1032 praesidia:
226 976 250 1015 et
260 970 364 1016 cohortes
374 970 461 1030 alaeque
478 978 569 1024 nostrae,
586 970 653 1016 variis
664 970 757 1028 proeliis,

88 1031 195 1081 membre
205 1041 281 1081 tamen
289 1034 388 1095 periculo
397 1037 505 1098 reginam.
527 1035 636 1097 Regnum
647 1033 756 1092 Venutio,

87 1099 171 1149 bellum
182 1100 252 1152 nobis,
265 1100 375 1146 relictum.

120 1163 215 1211 XLVI.
230 1163 330 1211 Turbata
348 1180 389 1226 per
407 1167 498 1213 eosdem
517 1166 565 1212 dies
585 1166 715 1218 Germania,
731 1172 756 1212 et

87 1227 191 1278 mourut
198 1230 291 1286 ducum,
301 1237 327 1275 et
338 1230 447 1277 seditione
456 1232 581 1293 legionum.
613 1228 716 1277 Externa
724 1231 755 1285 vi,

76 1293 180 1358 perfidiis
187 1295 269 1349 sociali,
281 1309 351 1356 prope
358 1295 441 1342 afflicta
451 1295 556 1343 Romana
567 1310 609 1342 res.
633 1293 661 1340 Id
671 1295 754 1341 bellum
766 1346 768 1356 Ι

86 1375 140 1407 oum
157 1360 231 1407 causis
247 1366 270 1406 et
287 1360 403 1410 eventibus
415 1362 510 1424 (etenim
521 1361 613 1421 longius
623 1368 755 1422 provectum

86 1421 133 1485 est)
145 1439 207 1479 ¹naon
220 1425 401 1472 memorabimus.
432 1425 501 1472 Mota
518 1433 542 1473 et
558 1424 676 1472 Dacorum
687 1440 752 1486 gens,

86 1504 202 1550 mruquam
220 1489 271 1544 lida,
294 1497 349 1536 tunc
368 1491 417 1536 siue
435 1498 504 1546 metu,
521 1491 616 1537 abducto
635 1507 648 1537 e
667 1487 754 1537 Moesit

85 1555 195 1601 exercitu.
217 1554 343 1615 Sedprima
353 1570 427 1602 rerum
438 1556 507 1616 quieti
519 1556 702 1618 speculabantur:
717 1554 755 1602 ubi

85 1618 184 1680 flagrare
199 1616 288 1666 Italiam
305 1619 369 1672 bello,
387 1631 469 1667 cuncta
486 1622 582 1667 invicem
602 1620 697 1673 hostilia.
714 1635 753 1666 ac·

82 1681 172 1745 cepere,
196 1685 332 1745 expugnatis
350 1685 475 1732 cohortium
497 1686 627 1746 alarumque
648 1685 752 1741 hibernis,

86 1746 183 1807 utrique
201 1747 301 1795 Danubii
320 1748 369 1811 ripa
386 1751 534 1812 potiebantur.
567 1749 663 1811 Jamque
680 1758 754 1797 castra

84 1811 201 1879 legionupr
215 1815 347 1861 exscindere
364 1816 476 1876 parabant,
494 1817 517 1862 ni
529 1815 650 1862 Mucianus
665 1823 752 1862 sextam

84 1876 198 1938 legionem
209 1881 358 1941 opposuisset,
376 1878 537 1928 Cremonensis
548 1881 649 1926 victoriae
660 1895 752 1941 gnarus,

73 1956 112 1989 ,ac
126 1957 156 1989 ne
174 1949 267 1991 externa
284 1944 355 1991 moles
373 1946 484 2006 utrimque
501 1947 623 2007 ingrueret,
641 1946 660 1991 si
671 1944 752 1992 Dacus

84 2006 258 2069 Germanusque
271 2009 352 2056 diversi
370 2011 507 2072 irrupissent
543 2010 628 2065 adfuit,
652 2017 678 2056 ut
692 2025 753 2072 saepe

80 2073 143 2128 alias,
162 2071 262 2121 Fortuna
273 2074 348 2136 populi
359 2074 428 2121 Rom.
439 2090 490 2136 quae
501 2075 636 2121 Mucianum
646 2075 752 2135 viresque

79 2136 182 2185 Orientis
192 2139 245 2185 illuc
256 2139 320 2196 tulit3
337 2147 361 2186 et
372 2140 433 2200 quod
444 2139 564 2188 Cremonae
574 2141 665 2187 interim
674 2146 749 2186 trans-

71 2203 177 2264 egimus.
218 2203 327 2251 Fonteius
342 2204 445 2266 Agrippa
468 2221 497 2252 ex
513 2204 571 2252 Asia
587 2207 640 2269 (pro
657 2205 751 2251 consule

76 2281 131 2335 ¹eam
153 2269 291 2329 prouinciam
309 2285 385 2316 annuo
406 2270 499 2332 imperio
521 2267 635 2329 tenuerat)
656 2269 750 2316 Moesiae

78 2334 216 2396 prepositus
230 2341 279 2381 esta
298 2333 378 2381 additis
395 2335 465 2396 copiis
476 2350 489 2382 e
500 2334 624 2393 Vitelliano
639 2334 748 2389 exercitu,

68 2412 148 2459 ¹quem
160 2398 234 2459 spargi
245 2414 285 2460 per
300 2398 434 2459 prouincias,
451 2405 475 2447 et
485 2406 579 2449 externo
590 2399 648 2446 bello
659 2399 748 2462 illigari,

37 2554 40 2559 -
76 2463 518 2577 paripqqqprppesqsqqqgrrgtmtim
536 2529 642 2579 srlebsnt.
671 2529 763 2575 bamam

65 2606 118 2655 per
125 2590 227 2653 Pontum
238 2608 303 2665 arma
313 2594 434 2646 barbarum
445 2596 602 2664 mancipium„
611 2595 692 2659 regias
697 2600 779 2651 mm·
