1680 3298
57 127 78 165 J.
88 127 112 166 C.
119 132 151 172 70·
171 120 416 170 HISTORIARUM
426 121 477 169 Lm.
485 120 528 168 IV.
538 120 596 171 Car.
605 124 628 169 5.
670 122 714 169 153

57 253 126 299 tinem
137 254 273 300 videbantur.
306 251 419 299 Addidere
436 254 570 300 alacritatem
585 250 718 312 Vespasiani

57 320 137 374 literae,
154 326 266 379 tamquam
284 326 387 365 manente
401 319 459 364 bello
476 320 578 380 scriptae:
598 332 630 371 ea,
647 314 719 378 primia

58 384 138 444 specie,
155 383 243 439 lorma;
260 391 365 429 caeterum
382 390 407 429 ut
420 383 521 444 princeps
532 383 667 442 loquebatur,
685 379 717 425 ci·

58 448 112 494 vilia
122 447 150 493 de
161 462 191 501 se,
201 455 224 494 et
241 449 272 493 rei
288 448 366 494 ublicae
376 448 481 509 egregia:
500 463 541 493 nec
553 444 642 493 senatis
653 446 719 491 obse·

58 512 135 573 quium
151 509 234 559 deerat.
265 463 312 573 lppsi
326 510 454 558 consulatus
467 526 519 559 cum
530 510 584 558 Trto
593 510 646 564 filio,
658 523 717 570 prae·

58 583 109 622 tura
120 575 252 623 Domitiano
263 583 286 622 et
295 576 411 623 consulare
420 577 536 638 imperium
547 576 704 622 decernuntur.

53 640 57 647 '
92 639 137 687 lv.
155 641 252 688 Miserat
269 647 292 687 et
307 641 429 688 Mucianus
443 641 547 703 epistolas
563 639 591 687 sd
608 645 718 692 senatum,

59 720 112 766 quae
123 706 238 752 materiam
249 706 386 752 sermonibus
396 703 523 766 praebuere:
543 705 561 750 si
572 705 671 765 privatus
682 716 718 749 es-

58 777 101 823 set,
119 784 159 815 cur
168 770 254 829 publice
263 770 406 831 loqueretur?
422 771 522 830 potuisse
536 769 619 822 eadem,
636 782 719 828 paucos

58 842 112 896 post
120 834 173 888 dies,
184 833 234 880 loco
244 836 361 881 sententiae
372 836 428 881 dici:
447 836 495 896 ipsa
503 848 592 895 quoque
601 832 718 878 insectatio

59 901 84 944 in
103 896 219 945 Vitellium
237 914 286 946 sera
304 906 326 945 et
343 900 392 945 sine
409 899 516 946 libertate.
548 896 576 945 Id
592 912 646 944 vero
664 910 718 956 erga

58 963 217 1024 rempublicam
233 965 357 1025 superbum,
373 978 428 1026 erga
438 964 559 1027 principem
570 960 717 1008 contumelio·

59 1042 118 1080 sum,
135 1027 200 1088 quod,
216 1028 240 1073 in
256 1042 324 1074 manu
342 1025 460 1074 suifuisse
470 1029 586 1090 imperium
598 1026 717 1072 donatum-

59 1106 105 1152 que
116 1090 259 1154 Vespasiano,
271 1093 377 1154 jactabat.
410 1091 524 1140 Caeterum
541 1091 624 1137 invidia
640 1090 663 1136 in
679 1103 718 1134 oc·

59 1157 130 1211 culto,
146 1157 243 1203 adulatio
260 1159 283 1202 in
299 1164 376 1219 aperto
393 1164 470 1203 erant:
490 1157 561 1204 multo
572 1171 622 1202 curn
634 1155 719 1199 honore

57 1221 177 1268 verborum
195 1221 303 1268 Muciano
319 1221 459 1282 triumphalia
475 1222 503 1267 de
512 1221 570 1266 bello
580 1219 639 1266 ciuili
651 1218 715 1264 data:

58 1287 100 1332 sed
119 1287 142 1331 ia
162 1286 274 1332 Sarmatae
295 1285 407 1346 expeditio
428 1283 559 1346 fingebatur.
599 1283 720 1330 Adduntur

59 1349 138 1397 Primo
149 1350 250 1396 Antonio
267 1350 397 1404 consularia,
414 1347 521 1396 Cornelio
532 1348 606 1395 Fusco
617 1354 640 1394 et
651 1347 719 1392 Arrio

57 1413 123 1461 Varo
139 1416 242 1475 praetoria
257 1414 361 1475 insignia.
393 1412 453 1460 Mox
463 1413 517 1459 deos
533 1410 662 1474 respexere:
683 1425 718 1456 re·

58 1479 123 1526 stitui
144 1479 226 1539 placuit
248 1476 398 1539 Capitolium:
425 1491 495 1538 eaque
517 1479 592 1524 omnia
613 1476 718 1522 Valerius

57 1544 180 1597 Asiaticus,
197 1542 275 1589 consul
294 1542 430 1604 designatus,
446 1542 544 1589 censuit:
564 1541 639 1588 caeteri
655 1540 720 1586 vultu

56 1622 184 1667 manuque:
203 1606 274 1668 pauci,
291 1607 369 1666 quibus
380 1608 499 1668 conspicua
510 1604 613 1668 dignitas,
630 1613 669 1651 aut
682 1605 718 1650 in-

56 1672 152 1734 genium
166 1670 291 1718 adulatione
301 1672 428 1726 exercitum,
445 1672 573 1733 compositis
584 1669 719 1717 orationibus

58 1735 242 1782 assentiebantur.
275 1733 321 1782 Ubi
338 1736 365 1783 ad
385 1735 516 1782 Helvidium
535 1734 645 1788 Priscum,
660 1748 718 1796 prae·

57 1808 132 1845 torem
150 1799 295 1860 designatum,
312 1808 409 1854 ventum,
426 1802 520 1862 promsit
536 1800 675 1852 sententiam,
693 1803 719 1842 ut

58 1861 204 1910 honorificam
212 1864 235 1909 in
245 1865 327 1910 bonum
338 1866 466 1927 principem,
483 1867 514 1911 ita
523 1864 578 1911 falsa
586 1865 683 1916 aberant,
695 1867 718 1907 et

56 1928 138 1975 studiis
149 1928 238 1974 senatis
249 1929 394 1976 attollebatur.
415 1928 483 1990 Isque
493 1930 617 1991 praecipuus
628 1928 660 1972 illi
670 1927 717 1972 dies

56 2007 149 2054 magnae
160 1991 250 2038 allisusae
260 1994 347 2040 initium
359 2002 382 2040 et
392 2009 481 2055 magnac
492 1995 571 2055 gloriae
581 1993 630 2038 fuit.

91 2056 121 2102 V.
138 2055 186 2103 Res
194 2073 285 2118 poscere
294 2059 386 2113 videtur,
397 2061 448 2119 quia
456 2061 535 2105 iterum
547 2059 570 2104 in
580 2058 717 2106 mentionem

54 2122 175 2168 incidimus
185 2123 227 2168 viri
238 2124 319 2183 saepius
326 2123 470 2177 memorandi,
487 2131 512 2168 ut
522 2123 591 2169 vitam
603 2122 718 2179 studiaque

54 2187 111 2249 ejus,
120 2193 144 2232 et
154 2187 212 2245 quali
223 2186 313 2233 fanani
324 2188 353 2233 sit
364 2203 423 2241 usus,
435 2189 511 2249 paucis
518 2193 624 2249 repetam.
657 2184 717 2229 Hel·

53 2251 130 2299 vidius
146 2249 244 2306 Priscus,
261 2250 389 2298 Tarracinae
406 2252 532 2313 municipio,
550 2250 633 2299 Cluvio
646 2257 717 2310 patre,
794 2286 802 2297 .

53 2315 93 2376 qui
105 2314 204 2361 ordinem
214 2315 318 2376 primipili
329 2317 435 2369 duxisset,
451 2316 568 2376 ingenium
583 2315 668 2361 illustre
683 2313 717 2359 al-

52 2379 147 2426 tioribus
159 2380 236 2425 studiis
242 2381 333 2442 juvenis
344 2380 462 2426 admodum
475 2381 549 2436 dedit3
566 2394 619 2433 non,
634 2384 659 2423 ut
670 2378 716 2439 ple·

52 2444 132 2503 rique:
143 2450 167 2489 ut
175 2444 266 2490 nomine
275 2443 395 2506 ma'gnitico
405 2459 476 2507 segne
487 2445 557 2490 otium
567 2443 660 2498 velaret,
678 2442 718 2488 sed

53 2523 100 2568 quo
110 2505 195 2554 firmior
204 2508 311 2555 adversus
318 2507 409 2555 fortuita
419 2508 576 2569 rempublicam
585 2515 718 2568 capesseret.

54 2571 169 2620 Doctores
183 2573 298 2633 sapientiae
310 2580 402 2622 secutus
417 2578 461 2629 est,
477 2573 518 2634 uui
531 2572 663 2622 solebam,
676 2580 736 2624 ab*

44 2636 148 2693 wie
163 2637 226 2688 mala
245 2645 347 2700 tantum,
361 2656 420 2708 qum
433 2640 532 2707 turpata
545 2633 692 2702 potentum,
703 2638 754 2671 aa·

724 2758 820 2855 nt
