1680 3298
69 125 122 168 J.c.
131 130 165 174 70⁴
186 122 433 173 HISTORIARUM
446 121 555 171 Luslll.
564 120 669 171 Cannio.
697 123 744 168 129

74 268 171 314 namque
183 263 206 301 et
216 255 326 310 Africam,
343 258 421 303 eodem
433 258 503 303 latere
515 256 587 308 sitam,
606 249 664 303 terrai
675 250 743 297 mari·

73 334 118 380 qne
131 321 238 367 inludere
254 323 351 384 parabat,
368 323 449 368 clausis
464 336 561 368 annonae
580 318 690 371 subsidiis,
707 317 743 361 in-

73 386 148 447 opiam
161 401 187 431 ac
199 388 330 433 discordiam
343 387 401 432 hosti
412 387 520 433 facturus.

106 434 203 512 xant.
221 451 285 498 Dum
298 454 339 498 bac
350 453 420 498 totius
438 453 497 498 orbis
512 450 637 497 mutatione
652 446 745 493 fortune

71 513 161 576 imperii
173 516 258 571 transit,
276 516 366 563 Primus
377 516 492 563 Antonius
501 513 642 576 nequiquam
650 511 698 574 pari
706 511 743 556 in·

72 578 179 626 rocenat
194 588 246 643 post
263 580 399 630 Cremonam
417 583 512 644 agebat3
529 578 668 627 satisfactum
683 575 743 622 bello

71 653 142 698 ratus,
159 653 183 692 et
194 654 276 693 caetera
286 645 391 703 exsucti,
402 647 454 709 (seu
462 646 556 692 felicitas
564 645 588 690 in
599 644 638 690 tali
650 641 744 703 ingenio

71 711 198 765 trasitium,
215 711 347 773 superbiam,
364 719 490 772 caetcrsque
501 710 588 757 occultu
595 708 661 761 mala,
678 712 742 768 pate·

68 772 139 835 tecit)
163 782 188 821 ut
209 786 303 838 captam.
321 774 409 822 Italiam
429 776 567 838 persultare3
589 781 614 819 ut
633 787 691 825 suas,
708 770 743 815 lc*

72 840 155 902 giones
165 841 253 898 colere3
271 842 374 887 omnibus
388 841 453 888 dictis
464 839 573 901 lactisque
587 839 647 884 viam
659 837 699 883 sibi
715 835 745 882 acl

106 905 199 951 tentiam
211 914 310 953 struere:
330 914 399 967 utque
416 905 507 952 licentiis
522 905 616 951 militem
627 902 744 955 imbueret,

100 968 244 1017 terfectorum
256 972 412 1018 centurionum
424 971 513 1018 ordines
524 969 650 1031 legionibus
663 965 744 1013 offere·

74 1033 127 1081 bat:
148 1050 175 1081 eo
186 1036 293 1097 suffragio
304 1037 468 1082 turbidissimas
483 1036 577 1096 quisque
589 1031 682 1079 delecti:
702 1044 745 1077 nec

70 1099 142 1147 miles
152 1100 176 1146 ia
187 1102 278 1148 arbitrio
294 1102 382 1154 ducum,
400 1102 440 1147 sed
455 1101 523 1147 (luces
537 1099 628 1145 militari
639 1092 747 1143 violentia

74 1165 235 1214 trahebantur:
254 1182 306 1228 quse
324 1167 435 1219 seditiosa,
452 1173 475 1212 et
491 1162 661 1224 corrumpendos
678 1159 746 1206 (lisci-

70 1230 154 1343 ¹plpme,
170 1246 225 1278 mox
241 1233 265 1278 in
281 1232 380 1294 praednm
390 1233 498 1284 vertebat,
516 1230 571 1276 nihil
586 1229 745 1275 adventantem

109 1297 213 1344 acimum
224 1298 324 1355 veritus;
342 1298 402 1358 quod
410 1296 526 1343 exitiosius
534 1301 588 1350 erat,
604 1307 672 1354 quam
683 1289 745 1337 Vens

75 1361 193 1425 panianum
205 1363 323 1424 sprevisse.

111 1424 141 1472 L.
153 1425 268 1476 Caeterum
279 1425 403 1490 propinquis
411 1427 491 1482 hieme,
500 1433 523 1473 et
531 1424 674 1471 humentibus
683 1420 746 1468 Pado

69 1493 169 1554 ¹(satrapis,
180 1494 310 1554 expeditum
321 1508 403 1555 agmen
414 1493 525 1540 incedere.
541 1491 613 1553 Signa
622 1487 747 1549 aquilaeque

77 1555 206 1603 victricium
224 1557 347 1618 legionum,
372 1557 455 1604 milites
474 1557 603 1603 vulneribus
622 1561 661 1600 aut
679 1559 747 1598 aetate

78 1635 169 1683 graves,
184 1622 284 1683 plerique
294 1624 360 1669 etiam
371 1624 461 1684 integri,
473 1622 574 1668 Veronae
585 1619 670 1666 relicti:
685 1616 748 1663 suffi-

79 1699 133 1732 cere
143 1686 247 1733 cobortes
257 1688 350 1747 alaeque,
367 1696 390 1734 et
401 1688 547 1749 elegionibus
558 1686 617 1739 lecti,
628 1682 748 1745 profligato
786 1740 790 1745 ἰ

74 1750 127 1811 Jam
137 1750 205 1806 bello,
221 1752 359 1799 videbantur.
392 1753 520 1799 Undecima
535 1751 596 1811 legio
607 1765 657 1796 sese
668 1749 747 1808 adjun-

80 1821 152 1868 xerat,
168 1816 232 1863 initio
251 1825 367 1874 cunctatn;
391 1819 437 1872 sed,
454 1817 566 1879 prosperis
585 1815 657 1868 rebus,
674 1813 748 1866 anxia,

79 1879 142 1940 qnod
153 1879 266 1929 defuisset.
300 1883 346 1930 Sex
356 1883 426 1929 millia
437 1882 602 1935 Dalmatarum,
619 1893 698 1925 recens
707 1877 749 1922 de·

79 1944 161 2000 lectus,
177 1947 347 1995 comitabantur.
380 1948 485 1994 Ducebat
503 1947 617 2008 Poppaeus
637 1944 750 1997 Silvanus,

79 2011 219 2058 consularis:
237 2013 273 2059 vis
290 2013 434 2060 consiliorum
451 2028 519 2074 penes
530 2011 632 2057 Annium
644 2008 749 2059 ansum,

79 2074 179 2138 legionis
194 2077 309 2139 legatum:
328 2079 348 2124 is
368 2078 492 2131 Silvanum,
510 2076 625 2123 socordem
644 2073 710 2126 bello,
727 2080 751 2117 et

79 2140 130 2189 dies
141 2157 216 2188 rerum
226 2143 300 2189 verbis
312 2151 429 2197 terentem,
445 2141 519 2204 specie
534 2140 634 2200 obsequii
652 2138 750 2200 regebat,

80 2206 248 2268 solemnisque,
265 2223 316 2268 quae
327 2208 415 2270 agends
424 2208 505 2259 forent,
522 2203 597 2268 quietis
608 2219 660 2250 cum
671 2202 749 2249 indua·

79 2269 124 2319 trit
133 2272 216 2319 uanae
250 2272 288 2319 Ad
299 2274 339 2319 bas
350 2274 432 2335 copias,
443 2288 457 2318 e
467 2272 565 2318 classicis
574 2269 751 2320 Rauennatibus.

79 2335 228 2399 kgionariam
247 2337 349 2383 militiam
368 2338 517 2399 poscentibus,
540 2336 638 2396 optimus
658 2333 752 2394 quisque

79 2401 174 2449 sumiti:
201 2403 295 2448 classem
315 2402 433 2450 Delmatae
448 2399 587 2462 supplevere.
628 2397 752 2446 Exercitus

79 2464 195 2527 ducesque
208 2467 237 2514 ml
248 2466 336 2514 Fanum
346 2466 455 2514 Fortunae
466 2467 509 2512 iter
520 2466 608 2517 sistunt,
625 2464 653 2510 de
664 2458 754 2510 summb

80 2544 157 2578 rerum
173 2538 313 2587 cunctantes,
329 2533 397 2594 quod,
414 2539 489 2579 motus
506 2545 538 2578 ex
552 2529 624 2577 uns
639 2527 768 2588 pretenta

69 2596 189 2654 ‚sames
206 2596 333 2659 omma.
351 2608 379 2650 ea
393 2599 472 2652 tenea
484 2595 609 2666 paenas
627 2588 802 2655 sumnum-

812 2714 830 2813 l
