1612 3150
324 23 381 56 ..μ
401 4 504 45 ansortus.
521 10 583 56 magr

111 68 247 104 ...nosceret
281 59 439 105 Moderatione
458 60 574 106 meliorum

36 131 55 169 et
67 121 152 169 rediere
164 138 241 169 omnes
253 123 386 173 Bononiam.
404 139 480 170 rursus
498 125 589 169 consilia

36 187 86 239 mul
95 189 169 233 medio
182 189 293 248 temporis,
305 189 379 249 plures
390 190 462 233 nuntii
474 190 597 249 sperabantr

36 253 115 303 uoniae.
133 253 209 298 divisis
225 269 262 312 per
279 253 363 305 itinera,
381 254 418 313 qui
430 254 600 313 recentissimuu

36 332 76 376 que
98 326 287 378 percontarentur,
313 317 463 379 interrogatus
486 316 583 363 Othonia

36 396 122 428 eausam
140 382 259 443 digressus,
277 382 357 428 habere
372 397 397 428 se
411 396 514 442 suprema
531 383 579 443 ejus
594 396 610 426 n

36 445 182 522 respondit:
176 461 247 507 rpsum
259 447 372 493 viventem
382 447 470 506 quidem
483 446 615 502 relictum,a

36 510 168 559 uoateritatia
179 509 239 564 curi,
248 518 270 556 et
281 511 378 573 abruptis
389 512 442 557 vitae
453 511 615 556 blandimentis.

40 574 158 631 tdmiratio,
164 575 256 635 etplura
263 575 416 652 rnterrogandr
424 575 509 637 pudor
523 583 589 636 atque
597 590 624 621 ou

45 640 101 685 uiuri
112 640 135 685 in
148 639 264 685 Vitellium
275 638 418 687 inclinavere.

65 701 132 750 LIV.
151 703 261 750 Intererat
277 705 377 751 consiliio
395 704 464 751 irater
481 706 529 767 ejus
547 704 633 751 LVrtr

53 784 102 829 oue
107 769 156 831 jam
165 769 304 815 adulantibus
315 767 427 825 offerebat,
440 785 490 816 curn
490 722 593 832 Jreponte
603 768 638 818 Co

58 840 124 880 ertua
141 833 247 888 Neronis,
264 835 333 880 atroci
344 835 461 881 mendacio
470 836 585 881 universos
595 850 642 896 perr

61 898 153 952 ὶιιιιιιιι,
170 906 306 960 superventu
319 898 382 945 XIV
392 899 496 961 legionis,
508 900 594 962 junctis
605 898 643 946 al

67 980 76 1010 ι
93 964 184 1017 viribus,
201 979 272 1010 caesoa
289 965 394 1022 victores,
411 979 497 1011 vernam
515 965 611 1026 partium
625 962 643 1009 s(

72 1043 93 1075 n.
127 1027 203 1076 Causa
223 1028 322 1091 tingendi
343 1028 394 1083 fuit,
411 1038 435 1076 ut
457 1029 576 1091 diplomata
595 1028 641 1075 Oth

76 1093 269 1155 {negligebantun
282 1093 368 1140 laetiore
379 1095 458 1141 nuntio
469 1094 638 1140 revalescerent.

81 1172 122 1204 uua
133 1159 221 1219 quidem
234 1160 309 1220 rapide
320 1160 342 1204 in
356 1158 442 1206 Urbem
453 1167 531 1204 vectus

91 1222 157 1283 juasu
168 1222 254 1269 Vitellii
265 1224 357 1270 nsv¹¹⁰¹·¹
376 1225 388 1236 ''
