1680 3298
103 120 124 160 J.
134 119 198 166 (3.70.
222 114 467 165 HISTORIARUM
478 115 530 164 Lrn
540 115 586 163 111.
596 113 699 166 Car.78.
719 116 764 164 145

105 244 175 304 Tiro;
199 249 306 309 donisque
327 264 352 295 ac
371 249 470 309 pecuniis
488 249 566 294 acerbe
586 263 626 309 per
647 248 766 309 municipia

105 313 267 422 pipppuirendis,
284 314 334 374 plus
345 313 435 359 iuvidiae
445 328 512 373 quam
526 314 606 360 virium
617 314 715 375 partibus
725 313 765 360 ad-

163 385 178 423 l.

138 438 272 488 LXXVII.
288 439 381 488 Interim
397 442 425 488 ad
443 440 471 488 L.
480 441 596 488 Vitellium
614 458 691 490 servus
703 441 765 490 Ver·

103 504 161 564 giuli
178 503 294 568 Capitonis
310 505 414 568 perfugit,
431 506 592 568 pollicitusque,
609 507 627 554 si
637 507 766 568 praesidium

104 569 221 630 acciperet,
239 585 331 619 vacuam
341 585 415 616 arcem
429 570 485 616 tradi
496 568 602 624 futurum,
619 570 689 619 multi
700 578 767 619 nocte

105 633 210 697 cohortes
228 636 349 697 expeditas,
371 635 464 681 summis
481 635 592 680 montium
605 635 675 697 jugis,
699 651 766 699 aupes

104 704 172 759 caput
191 699 288 749 hostium
307 699 377 746 sistit:
396 699 448 745 inde
464 698 528 744 miles
546 698 574 744 ad
592 699 675 745 cadem
693 700 766 763 magis

105 777 173 823 quam
191 763 220 811 ad
239 778 336 826 pugnam
355 764 464 810 decurrit:
486 769 589 809 sternunt
607 764 710 820 inermes,
725 772 766 812 aut

105 841 168 874 arma
186 828 306 889 capientes,
326 834 349 874 et
367 829 475 888 quosdam
494 842 572 873 somno
591 829 690 886 excitos;
713 844 765 876 cum

105 892 213 949 tenebris,
235 907 323 954 pavore,
347 891 422 951 sumtu
443 892 550 946 tubarum,
573 891 670 940 clamore
690 893 766 940 hostili

105 957 254 1004 turbarentur.
287 956 356 1004 Pauci
373 956 521 1019 gladiatorum
540 957 674 1010 resistentes,
693 970 766 1018 neque

106 1021 173 1068 inulti
183 1019 296 1068 cecidere:
317 1022 392 1068 caeteri
403 1021 431 1068 ad
442 1037 510 1068 naves
520 1022 619 1076 ruebant,
637 1022 673 1068 ubi
684 1030 765 1069 cuncta

105 1086 155 1148 pari
164 1085 281 1135 formidine
291 1086 464 1148 implicabantur,
473 1086 587 1146 permixtis
597 1087 696 1147 paganis,
708 1092 765 1146 quos

106 1151 170 1199 nullo
187 1152 313 1198 discnmiue
323 1149 438 1197 Vitelliani
449 1151 592 1197 trucidabant.
625 1151 672 1198 Sex
683 1150 765 1198 Libur-

105 1217 165 1263 nicae
176 1216 233 1263 inter
246 1217 342 1278 primum
356 1215 476 1261 tumultum
493 1212 592 1271 erasme,
608 1215 632 1261 in
646 1216 695 1276 quis
705 1231 764 1278 prae·

105 1280 178 1329 fectus
197 1281 273 1328 classis
290 1279 439 1343 Apollinaris:
458 1279 550 1340 reliquae
566 1280 590 1325 in
605 1279 670 1326 litore
687 1290 764 1342 captae,

105 1353 146 1394 aut
157 1346 226 1392 nimio
237 1346 348 1394 ruentium
359 1360 427 1392 onere
437 1360 525 1406 pressas
538 1359 599 1390 mare
609 1345 689 1392 hausit.
720 1345 764 1393 Ju-

104 1411 179 1458 lianus
196 1411 224 1458 ad
241 1408 398 1457 Lidtellium
410 1411 535 1471 perductus,
552 1415 575 1455 et
585 1410 711 1456 verberibus
720 1408 764 1456 foe-

105 1476 178 1530 datus,
195 1476 218 1521 in
229 1492 267 1522 ore
278 1475 452 1537 ejusjugulatur.
485 1472 565 1529 Fuere,
582 1475 619 1534 qui
630 1490 723 1521 uxorem
735 1473 764 1522 L.

104 1538 194 1587 Vitellii
203 1539 313 1587 Triariam
326 1540 469 1594 incesserent,
485 1546 604 1600 tamquam,
621 1539 696 1600 gladio
706 1539 766 1585 mili-

103 1605 148 1658 tari
165 1605 244 1660 cincta,
260 1605 319 1651 inter
334 1605 418 1651 luctum
436 1603 552 1664 cladesque
562 1613 696 1666 expugnatae
707 1603 765 1651 Tar·

105 1669 196 1723 racinse,
208 1670 301 1729 superbe
311 1683 415 1728 saeveque
424 1669 515 1730 egisset.
530 1667 582 1730 Ipse
589 1669 685 1715 lauream
693 1677 765 1731 gestae

105 1747 213 1796 prospere
231 1733 262 1781 rei
279 1733 306 1780 ad
321 1732 411 1780 fratrem
427 1734 500 1780 misit:
524 1740 672 1794 percontatus,
689 1735 764 1780 statim

106 1797 196 1858 regredi
213 1811 243 1851 se,
261 1813 289 1844 an
306 1798 461 1858 perdomandae
473 1795 603 1858 Campaniae
616 1798 764 1859 insistereju-

105 1863 177 1909 beret.
208 1861 277 1916 Quod
284 1862 379 1909 salutare
390 1877 435 1910 non
445 1862 512 1909 modo
520 1863 617 1923 partibus
625 1861 764 1924 Vespasiani,

105 1925 148 1974 sed
165 1925 290 1988 reipublicae
307 1926 362 1973 luit:
382 1942 441 1983 narn,
458 1928 476 1973 si
494 1941 571 1974 recens
585 1927 679 1973 victoria
694 1927 765 1985 miles,

105 1998 137 2046 et,
154 2006 220 2052 super
236 1992 325 2038 insitam
342 1991 494 2053 pervicaciam,
511 1991 613 2038 secundis
628 1991 699 2045 ferox,
716 1991 767 2038 Ro·

105 2070 167 2104 mam
183 2056 347 2113 contendisset;
364 2056 422 2102 baud
432 2054 502 2117 parvi
517 2057 576 2103 mole
591 2063 706 2110 certatum,
724 2071 765 2102 nec

104 2121 155 2169 sine
166 2121 234 2167 exitio
246 2119 322 2173 Urbis,
333 2119 404 2166 foret:
423 2121 505 2182 quippe
515 2119 544 2168 1,
552 2118 653 2176 Vitellio,
665 2121 767 2181 quamvis

104 2183 191 2240 infami,
208 2185 279 2232 inerat
288 2185 409 2240 industria;
427 2200 468 2230 nec
479 2185 603 2240 virtutibus,
615 2192 639 2232 ut
648 2185 708 2240 boni,
720 2185 767 2241 sed,

105 2264 151 2313 quo
161 2249 229 2296 modo
267 2250 348 2296 asinius
357 2249 459 2310 quisque,
470 2250 530 2296 vitiis
539 2250 633 2296 valebat

139 2312 238 2361 LXXV
253 2311 287 2360 11.
302 2312 366 2360 Dum
378 2315 427 2361 baec
437 2315 460 2360 in
471 2315 569 2375 partibus
583 2312 670 2360 Vitellii
683 2327 767 2376 gerun-

112 2393 152 2436 ur,
174 2379 288 2440 digressam
305 2376 393 2424 Narnia
411 2377 543 2440 Vespasiani
562 2378 681 2433 exercitus,
697 2377 767 2425 festos

115 2443 198 2491 intumi
209 2443 256 2501 dies
267 2441 366 2490 Ocriculi
377 2459 417 2509 per
427 2443 498 2490 otium
508 2443 612 2505 agitabat.
636 2440 711 2501 Culusa
721 2450 768 2490 tam

121 2510 182 2555 roste
199 2522 276 2562 morae,
293 2514 318 2554 ut
330 2507 463 2555 Mucianum
475 2507 637 2570 opperirentur,
665 2505 716 2555 Nec
727 2507 767 2553 de-

125 2569 177 2631 dra,
207 2573 229 2618 ui
245 2572 371 2620 Antonium
389 2573 553 2638 suspicionibus
570 2578 707 2636 arguerem..
718 2577 791 2641 aaut?

129 2649 172 2745 'pp
183 2635 245 2747 mlo
263 2644 421 2702 cunctantem,
443 2648 502 2710 post
516 2647 625 2756 secretpa
631 2633 736 2685 viteus
748 2644 815 2701 epp.
