1612 3150
170 42 215 87 gus
231 35 303 89 inops,
321 39 361 74 seu
371 44 394 75 ιιι
406 41 508 74 triounos
525 45 656 72 cernunuue

169 93 226 138 tium
238 93 306 140 caedis
314 100 370 150 erat,
383 100 541 139 reverteretur.
557 90 654 151 Gregori

170 172 254 212 socors,
279 165 302 205 et
320 158 461 220 ignobilitate
481 157 556 211 tutior,
575 155 657 218 perstet

169 223 226 276 vias,
242 224 266 269 in
278 223 380 270 domibus
391 223 467 279 abditi,
484 236 561 284 pacem
580 235 609 266 ne
623 228 656 266 tur

169 288 230 343 bant,
248 303 300 335 com
317 289 400 335 bellurn
418 288 553 349 posuissent.
587 283 656 331 Primi

171 361 254 400 nonren
272 361 339 414 utque
355 353 467 414 imagines
477 351 564 398 Vitellii
581 350 655 397 amolir

172 416 274 466 Caecinae
292 422 354 482 (nuni
372 419 440 464 etiam
458 427 507 463 turn
525 417 614 462 vinctus
633 431 655 461 er

172 491 287 544 orantque,
306 491 330 529 ut
341 498 415 530 cuusae
427 497 474 529 suae
485 483 616 543 deprecator
627 495 654 527 as

173 555 264 594 nantem
281 555 451 609 tumentemque
466 547 572 607 lacrymis
587 545 654 607 fatiga

171 610 293 674 malorum)
306 621 341 660 tot
357 612 473 660 fortissimi
489 613 538 665 viri,
555 611 653 672 proditor

142 685 145 689 ’
172 688 264 724 contest
283 693 337 723 mox
355 679 482 724 velamenta
498 684 521 723 et
539 676 620 722 infulas
631 690 652 736 pr

173 749 230 789 tunt·
261 739 321 791 Corn
341 742 457 789 Antonius
475 743 569 788 inhiberi
588 741 651 802 tela¹

173 807 301 867 aquilasque
313 805 427 855 extulerer
446 814 552 853 rnoestum
564 806 651 852 inermir

169 873 237 934 jectis
248 872 271 918 in
283 881 364 919 terram
376 872 453 927 oculis,
471 872 612 931 sequebatur.
644 872 651 916 i

173 939 276 991 victores,
294 947 317 983 et
324 939 397 999 primo
407 938 540 1000 ingerebant
555 937 641 998 probru,

174 1010 224 1048 tus:
239 1017 300 1057 mox,
313 1014 338 1049 ut
348 1003 441 1064 praeberi
450 1018 490 1050 ora
500 1001 649 1057 contumeliis,

171 1065 261 1121 ierocii,
271 1077 353 1114 cuncta
360 1068 413 1114 victi
423 1068 568 1129 potiebantur,
580 1067 639 1113 subit

173 1147 229 1187 esse,
241 1133 279 1194 qui
290 1148 362 1194 nuper
373 1132 476 1180 Bedriaci
488 1133 589 1178 victoriae
601 1142 646 1178 tem

175 1198 210 1244 ubi
223 1196 323 1252 Caecina,
340 1197 453 1260 praetextb
468 1198 626 1257 lictoribusque
641 1197 648 1242 i

172 1261 244 1316 turbi,
260 1264 340 1309 consul
352 1263 448 1315 incessit,
460 1261 564 1310 exarsere
575 1263 647 1308 victor

174 1329 337 1389 saevitiamque,
353 1329 421 1391 (odeo
431 1329 503 1374 invisa
520 1327 605 1374 scelera
619 1343 646 1374 su

174 1392 232 1425 ,nam
257 1394 404 1431 nnius-ruham.
439 1393 532 1436 Obstitit
544 1393 646 1438 Antonio
