1612 3150
169 32 250 128 probra
228 33 405 129 wjaneeres
367 81 390 112 rn
411 39 523 113 clamore
531 43 615 122 tamen,
632 74 655 112 et
677 81 685 111 ι

168 147 245 185 voces,
261 138 299 178 aut
310 132 407 177 tumultu
418 132 536 178 verborum
548 131 606 176 sibi
600 146 640 193 rpsr
635 131 685 176 ob

201 195 347 243 LXXXVI.
364 195 499 258 Prodigia
493 210 583 256 insuper
605 196 684 241 terrebr

168 261 294 309 auctoribus
312 260 411 321 vulgata.
445 259 473 306 In
489 260 599 306 vestibulo
618 258 684 322 Capit

168 328 265 374 habenas
274 327 341 388 bigae,
358 326 394 371 cui
410 323 512 372 Victoria
526 324 649 371 institerat:
669 340 681 371 e

167 390 266 439 Junonis
274 391 379 452 majorem
391 388 489 436 humani
499 391 610 452 specienrz
625 396 683 436 statu

167 456 191 502 in
209 454 283 502 insult
299 454 399 502 Tiberini
413 456 492 510 amnis,
509 470 588 501 sereno
604 462 627 500 et
642 456 682 500 imr

167 516 292 567 Occidente
306 521 329 566 iu
346 520 464 567 Orientem
482 535 630 566 conversam:
649 534 682 581 prr

169 583 263 631 Etrurii
272 586 366 631 bovem:
381 585 483 631 insolitos
494 585 621 632 animalium
633 591 681 646 part

167 649 216 704 alia,
234 649 323 697 rudibus
340 651 429 697 saeculis
445 653 511 697 etiam
528 652 552 696 in
568 665 622 712 paee
640 650 681 696 obs

167 730 227 761 nuno
241 722 328 761 tantum
341 715 363 760 in
374 725 436 761 metu
453 716 579 762 audiuntur.
613 715 657 762 Sed
672 731 680 776 1

166 794 217 825 cum
235 781 340 841 praesenti
358 779 427 826 exitio
438 782 505 827 etiam
522 779 591 826 futuri
610 795 680 842 pavor

166 845 288 891 undatione
298 843 400 900 Tiberis;
412 846 450 906 qui
460 846 570 891 immenso
581 852 679 906 auctu,p

166 909 265 964 sublicio,
281 924 307 955 ac
319 920 394 971 strage
402 911 509 956 obstantis
520 910 585 956 molis
596 909 679 956 refusus

159 975 259 1037 Jacentia
269 983 291 1020 et
302 974 369 1035 plana
380 974 450 1021 Urbis
460 975 517 1031 loca,
535 975 573 1021 sed
582 990 660 1021 secura
673 991 678 1019 ι

166 1054 230 1084 suurn
248 1039 356 1100 implevit.
389 1039 458 1101 Rapti
470 1055 482 1086 e
493 1040 580 1102 publico
593 1040 679 1101 pleriqu

165 1104 261 1150 tabernis
278 1112 301 1150 et
319 1105 426 1150 cubilibus
442 1105 566 1166 intercepti.
598 1103 677 1151 Fames

164 1167 240 1230 inopib
255 1170 355 1229 quaestus
374 1176 397 1215 et
413 1167 505 1230 penurii
521 1170 676 1216 alimentorum
