<?xml version="1.0" encoding="UTF-8"?>
<!DOCTYPE html PUBLIC "-//W3C//DTD XHTML 1.0 Transitional//EN"
    "http://www.w3.org/TR/xhtml1/DTD/xhtml1-transitional.dtd">
<html xmlns="http://www.w3.org/1999/xhtml" xml:lang="en" lang="en">
 <head>
  <title>
</title>
<meta http-equiv="Content-Type" content="text/html;charset=utf-8" />
  <meta name='ocr-system' content='tesseract 3.04.00' />
  <meta name='ocr-capabilities' content='ocr_page ocr_carea ocr_par ocr_line ocrx_word'/>
</head>
<body>
  <div class='ocr_page' id='page_1' title='image "./ccorneliitaciti02obergoog_0105.png"; bbox 0 0 1612 3150; ppageno 0'>
   <div class='ocr_carea' id='block_1_1' title="bbox 99 27 682 1104">
    <p class='ocr_par' dir='ltr' id='par_1_1' title="bbox 99 27 679 653">
     <span class='ocr_line' id='line_1_1' title="bbox 103 27 674 151; baseline 0 -32"><span class='ocrx_word' id='word_1_1' title='bbox 103 43 227 120; x_wconf 60' lang='lat' dir='ltr'><strong>sioniww</strong></span> <span class='ocrx_word' id='word_1_2' title='bbox 170 73 275 122; x_wconf 78' lang='lat' dir='ltr'><strong>fecisset.</strong></span> <span class='ocrx_word' id='word_1_3' title='bbox 264 35 470 151; x_wconf 50' lang='grc' dir='ltr'><strong>ΠΙ111311111111111111</strong></span> <span class='ocrx_word' id='word_1_4' title='bbox 471 30 591 121; x_wconf 65' lang='lat' dir='ltr'><strong>vibtiiiisi</strong></span> <span class='ocrx_word' id='word_1_5' title='bbox 602 27 674 120; x_wconf 55' lang='lat' dir='ltr'><strong>elielibri</strong></span> 
     </span>
     <span class='ocr_line' id='line_1_2' title="bbox 101 132 675 200; baseline -0.002 -16"><span class='ocrx_word' id='word_1_6' title='bbox 101 137 174 184; x_wconf 78' lang='lat' dir='ltr'><strong>facem</strong></span> <span class='ocrx_word' id='word_1_7' title='bbox 193 132 331 200; x_wconf 72' lang='lat' dir='ltr'><strong>Augustales</strong></span> <span class='ocrx_word' id='word_1_8' title='bbox 348 137 478 186; x_wconf 85' lang='lat' dir='ltr'><strong>subdidere:</strong></span> <span class='ocrx_word' id='word_1_9' title='bbox 498 139 557 199; x_wconf 88' lang='lat' dir='ltr'><strong>qnod</strong></span> <span class='ocrx_word' id='word_1_10' title='bbox 568 138 675 185; x_wconf 85' lang='lat' dir='ltr'><strong>sacerdoti</strong></span> 
     </span>
     <span class='ocr_line' id='line_1_3' title="bbox 102 201 675 266; baseline -0.002 -18"><span class='ocrx_word' id='word_1_11' title='bbox 102 201 215 251; x_wconf 77' lang='lat' dir='ltr'><strong>Romulus</strong></span> <span class='ocrx_word' id='word_1_12' title='bbox 226 202 293 251; x_wconf 80' lang='lat' dir='ltr'><strong>Tatio</strong></span> <span class='ocrx_word' id='word_1_13' title='bbox 304 204 359 266; x_wconf 77' lang='lat' dir='ltr'><strong>regi.</strong></span> <span class='ocrx_word' id='word_1_14' title='bbox 376 205 408 250; x_wconf 83' lang='lat' dir='ltr'><strong>ita</strong></span> <span class='ocrx_word' id='word_1_15' title='bbox 419 202 498 252; x_wconf 84' lang='lat' dir='ltr'><strong>Caesar</strong></span> <span class='ocrx_word' id='word_1_16' title='bbox 509 203 611 249; x_wconf 84' lang='lat' dir='ltr'><strong>Tiberius</strong></span> <span class='ocrx_word' id='word_1_17' title='bbox 622 201 675 251; x_wconf 74' lang='lat' dir='ltr'><strong>Jult</strong></span> 
     </span>
     <span class='ocr_line' id='line_1_4' title="bbox 102 267 671 331; baseline -0.004 -17"><span class='ocrx_word' id='word_1_18' title='bbox 102 269 205 315; x_wconf 79' lang='lat' dir='ltr'><strong>sacravit.</strong></span> <span class='ocrx_word' id='word_1_19' title='bbox 237 267 345 316; x_wconf 88' lang='lat' dir='ltr'><strong>Nondum</strong></span> <span class='ocrx_word' id='word_1_20' title='bbox 357 277 448 331; x_wconf 79' lang='lat' dir='ltr'><strong>quartus</strong></span> <span class='ocrx_word' id='word_1_21' title='bbox 459 283 472 314; x_wconf 87' lang='lat' dir='ltr'><strong>a</strong></span> <span class='ocrx_word' id='word_1_22' title='bbox 483 267 576 314; x_wconf 74' lang='lat' dir='ltr'><strong>victorii</strong></span> <span class='ocrx_word' id='word_1_23' title='bbox 586 268 671 313; x_wconf 78' lang='lat' dir='ltr'><strong>mensis</strong></span> 
     </span>
     <span class='ocr_line' id='line_1_5' title="bbox 101 330 676 393; baseline -0.003 -14"><span class='ocrx_word' id='word_1_24' title='bbox 101 333 177 379; x_wconf 88' lang='lat' dir='ltr'><strong>bertus</strong></span> <span class='ocrx_word' id='word_1_25' title='bbox 197 331 292 390; x_wconf 87' lang='lat' dir='ltr'><strong>Vitellii,</strong></span> <span class='ocrx_word' id='word_1_26' title='bbox 317 333 436 386; x_wconf 82' lang='lat' dir='ltr'><strong>Asiaticus,</strong></span> <span class='ocrx_word' id='word_1_27' title='bbox 457 331 592 393; x_wconf 72' lang='lat' dir='ltr'><strong>Polycletos</strong></span> <span class='ocrx_word' id='word_1_28' title='bbox 610 330 676 378; x_wconf 82' lang='lat' dir='ltr'><strong>Patro</strong></span> 
     </span>
     <span class='ocr_line' id='line_1_6' title="bbox 101 367 677 459; baseline -0.005 -16"><span class='ocrx_word' id='word_1_29' title='bbox 101 404 180 443; x_wconf 84' lang='lat' dir='ltr'><strong>vetera</strong></span> <span class='ocrx_word' id='word_1_30' title='bbox 190 367 292 445; x_wconf 84' lang='lat' dir='ltr'><strong>odioruni</strong></span> <span class='ocrx_word' id='word_1_31' title='bbox 303 398 394 444; x_wconf 89' lang='lat' dir='ltr'><strong>nomina</strong></span> <span class='ocrx_word' id='word_1_32' title='bbox 405 398 511 459; x_wconf 82' lang='lat' dir='ltr'><strong>aequabat.</strong></span> <span class='ocrx_word' id='word_1_33' title='bbox 544 395 637 442; x_wconf 86' lang='lat' dir='ltr'><strong>Nemo&#39;</strong></span> <span class='ocrx_word' id='word_1_34' title='bbox 632 396 677 441; x_wconf 91' lang='lat' dir='ltr'><strong>mi</strong></span> 
     </span>
     <span class='ocr_line' id='line_1_7' title="bbox 99 461 679 524; baseline -0.002 -17"><span class='ocrx_word' id='word_1_35' title='bbox 99 462 210 524; x_wconf 79' lang='lat' dir='ltr'><strong>probitate</strong></span> <span class='ocrx_word' id='word_1_36' title='bbox 218 468 256 508; x_wconf 88' lang='lat' dir='ltr'><strong>aut</strong></span> <span class='ocrx_word' id='word_1_37' title='bbox 266 461 375 509; x_wconf 76' lang='lat' dir='ltr'><strong>industrii</strong></span> <span class='ocrx_word' id='word_1_38' title='bbox 385 463 491 509; x_wconf 84' lang='lat' dir='ltr'><strong>certavit.</strong></span> <span class='ocrx_word' id='word_1_39' title='bbox 511 476 580 508; x_wconf 90' lang='lat' dir='ltr'><strong>unum</strong></span> <span class='ocrx_word' id='word_1_40' title='bbox 597 461 625 507; x_wconf 86' lang='lat' dir='ltr'><strong>ad</strong></span> <span class='ocrx_word' id='word_1_41' title='bbox 640 466 679 521; x_wconf 85' lang='lat' dir='ltr'><strong>pot</strong></span> 
     </span>
     <span class='ocr_line' id='line_1_8' title="bbox 100 523 678 589; baseline -0.002 -18"><span class='ocrx_word' id='word_1_42' title='bbox 100 527 150 578; x_wconf 88' lang='lat' dir='ltr'><strong>iter,</strong></span> <span class='ocrx_word' id='word_1_43' title='bbox 166 526 309 589; x_wconf 79' lang='lat' dir='ltr'><strong>prodigisp</strong></span> <span class='ocrx_word' id='word_1_44' title='bbox 281 543 294 573; x_wconf 90' lang='lat' dir='ltr'><strong>e</strong></span> <span class='ocrx_word' id='word_1_45' title='bbox 310 527 352 574; x_wconf 88' lang='lat' dir='ltr'><strong>uiis</strong></span> <span class='ocrx_word' id='word_1_46' title='bbox 362 536 385 574; x_wconf 86' lang='lat' dir='ltr'><strong>et</strong></span> <span class='ocrx_word' id='word_1_47' title='bbox 396 535 471 573; x_wconf 87' lang='lat' dir='ltr'><strong>sumtu</strong></span> <span class='ocrx_word' id='word_1_48' title='bbox 481 523 597 589; x_wconf 78' lang='lat' dir='ltr'><strong>ganeaque</strong></span> <span class='ocrx_word' id='word_1_49' title='bbox 608 525 678 571; x_wconf 75' lang='lat' dir='ltr'><strong>satias</strong></span> 
     </span>
     <span class='ocr_line' id='line_1_9' title="bbox 99 589 679 653; baseline -0.004 -17"><span class='ocrx_word' id='word_1_50' title='bbox 99 590 192 653; x_wconf 86' lang='lat' dir='ltr'><strong>plebiles</strong></span> <span class='ocrx_word' id='word_1_51' title='bbox 204 590 290 637; x_wconf 77' lang='lat' dir='ltr'><strong>Vitellii</strong></span> <span class='ocrx_word' id='word_1_52' title='bbox 299 592 409 639; x_wconf 82' lang='lat' dir='ltr'><strong>libidines.</strong></span> <span class='ocrx_word' id='word_1_53' title='bbox 440 589 493 653; x_wconf 88' lang='lat' dir='ltr'><strong>Ipse</strong></span> <span class='ocrx_word' id='word_1_54' title='bbox 500 589 586 637; x_wconf 85' lang='lat' dir='ltr'><strong>abunde</strong></span> <span class='ocrx_word' id='word_1_55' title='bbox 597 597 679 643; x_wconf 60' lang='lat' dir='ltr'><strong>ratuni</strong></span> 
     </span>
    </p>

    <p class='ocr_par' dir='ltr' id='par_1_2' title="bbox 100 654 669 732">
     <span class='ocr_line' id='line_1_10' title="bbox 100 654 669 732; baseline -0.004 -31"><span class='ocrx_word' id='word_1_56' title='bbox 100 655 199 701; x_wconf 82' lang='lat' dir='ltr'><strong>sentibus</strong></span> <span class='ocrx_word' id='word_1_57' title='bbox 209 655 326 710; x_wconf 82' lang='lat' dir='ltr'><strong>frueretur,</strong></span> <span class='ocrx_word' id='word_1_58' title='bbox 343 671 384 703; x_wconf 90' lang='lat' dir='ltr'><strong>nec</strong></span> <span class='ocrx_word' id='word_1_59' title='bbox 396 657 418 702; x_wconf 87' lang='lat' dir='ltr'><strong>in</strong></span> <span class='ocrx_word' id='word_1_60' title='bbox 422 656 520 732; x_wconf 80' lang='lat' dir='ltr'><strong>longius</strong></span> <span class='ocrx_word' id='word_1_61' title='bbox 531 654 669 711; x_wconf 88' lang='lat' dir='ltr'><strong>consultans,</strong></span> 
     </span>
    </p>

    <p class='ocr_par' dir='ltr' id='par_1_3' title="bbox 100 719 682 1104">
     <span class='ocr_line' id='line_1_11' title="bbox 101 719 680 782; baseline 0.002 -19"><span class='ocrx_word' id='word_1_62' title='bbox 101 719 183 765; x_wconf 87' lang='lat' dir='ltr'><strong>millies</strong></span> <span class='ocrx_word' id='word_1_63' title='bbox 191 720 325 774; x_wconf 74' lang='lat' dir='ltr'><strong>sestertium,</strong></span> <span class='ocrx_word' id='word_1_64' title='bbox 333 721 472 782; x_wconf 76' lang='lat' dir='ltr'><strong>paucissimis</strong></span> <span class='ocrx_word' id='word_1_65' title='bbox 483 720 617 774; x_wconf 80' lang='lat' dir='ltr'><strong>mensibus,</strong></span> <span class='ocrx_word' id='word_1_66' title='bbox 612 725 680 765; x_wconf 75' lang='lat' dir='ltr'><strong>interi</strong></span> 
     </span>
     <span class='ocr_line' id='line_1_12' title="bbox 102 782 681 846; baseline -0.005 -16"><span class='ocrx_word' id='word_1_67' title='bbox 102 783 207 831; x_wconf 86' lang='lat' dir='ltr'><strong>creditur.</strong></span> <span class='ocrx_word' id='word_1_68' title='bbox 245 783 335 846; x_wconf 77' lang='lat' dir='ltr'><strong>Magna</strong></span> <span class='ocrx_word' id='word_1_69' title='bbox 356 793 379 831; x_wconf 88' lang='lat' dir='ltr'><strong>et</strong></span> <span class='ocrx_word' id='word_1_70' title='bbox 399 786 481 831; x_wconf 88' lang='lat' dir='ltr'><strong>misera</strong></span> <span class='ocrx_word' id='word_1_71' title='bbox 498 785 583 837; x_wconf 87' lang='lat' dir='ltr'><strong>civitas,</strong></span> <span class='ocrx_word' id='word_1_72' title='bbox 606 782 681 829; x_wconf 79' lang='lat' dir='ltr'><strong>eodem</strong></span> 
     </span>
     <span class='ocr_line' id='line_1_13' title="bbox 101 845 681 912; baseline -0.003 -18"><span class='ocrx_word' id='word_1_73' title='bbox 101 847 216 894; x_wconf 82' lang='lat' dir='ltr'><strong>Othonem</strong></span> <span class='ocrx_word' id='word_1_74' title='bbox 232 847 394 911; x_wconf 77' lang='lat' dir='ltr'><strong>Vitellianique</strong></span> <span class='ocrx_word' id='word_1_75' title='bbox 409 865 482 912; x_wconf 86' lang='lat' dir='ltr'><strong>passa,</strong></span> <span class='ocrx_word' id='word_1_76' title='bbox 499 849 557 896; x_wconf 90' lang='lat' dir='ltr'><strong>inter</strong></span> <span class='ocrx_word' id='word_1_77' title='bbox 569 847 658 902; x_wconf 86' lang='lat' dir='ltr'><strong>Vinios,</strong></span> <span class='ocrx_word' id='word_1_78' title='bbox 676 845 681 892; x_wconf 92' lang='grc'><strong>1</strong></span> 
     </span>
     <span class='ocr_line' id='line_1_14' title="bbox 100 911 682 976; baseline -0.003 -17"><span class='ocrx_word' id='word_1_79' title='bbox 100 911 182 968; x_wconf 87' lang='lat' dir='ltr'><strong>Icelos,</strong></span> <span class='ocrx_word' id='word_1_80' title='bbox 200 913 319 969; x_wconf 81' lang='lat' dir='ltr'><strong>Asiaticos,</strong></span> <span class='ocrx_word' id='word_1_81' title='bbox 336 914 399 963; x_wconf 78' lang='grc'>11111</span> <span class='ocrx_word' id='word_1_82' title='bbox 417 922 440 961; x_wconf 90' lang='lat' dir='ltr'><strong>et</strong></span> <span class='ocrx_word' id='word_1_83' title='bbox 460 912 564 976; x_wconf 75' lang='lat' dir='ltr'><strong>pudendi</strong></span> <span class='ocrx_word' id='word_1_84' title='bbox 586 919 645 958; x_wconf 86' lang='lat' dir='ltr'><strong>sorte</strong></span> <span class='ocrx_word' id='word_1_85' title='bbox 667 926 682 972; x_wconf 70' lang='lat' dir='ltr'><strong>a</strong></span> 
     </span>
     <span class='ocr_line' id='line_1_15' title="bbox 101 976 681 1032; baseline 0 -10"><span class='ocrx_word' id='word_1_86' title='bbox 101 977 173 1023; x_wconf 86' lang='lat' dir='ltr'><strong>donec</strong></span> <span class='ocrx_word' id='word_1_87' title='bbox 189 976 317 1025; x_wconf 71' lang='lat' dir='ltr'><strong>successere</strong></span> <span class='ocrx_word' id='word_1_88' title='bbox 333 978 455 1027; x_wconf 80' lang='lat' dir='ltr'><strong>Mucianus</strong></span> <span class='ocrx_word' id='word_1_89' title='bbox 472 986 495 1025; x_wconf 91' lang='lat' dir='ltr'><strong>et</strong></span> <span class='ocrx_word' id='word_1_90' title='bbox 511 977 641 1032; x_wconf 82' lang='lat' dir='ltr'><strong>Marcellus,</strong></span> <span class='ocrx_word' id='word_1_91' title='bbox 657 983 681 1023; x_wconf 90' lang='lat' dir='ltr'><strong>et</strong></span> 
     </span>
     <span class='ocr_line' id='line_1_16' title="bbox 101 1042 481 1104; baseline 0.005 -16"><span class='ocrx_word' id='word_1_92' title='bbox 101 1042 139 1088; x_wconf 87' lang='lat' dir='ltr'><strong>alii</strong></span> <span class='ocrx_word' id='word_1_93' title='bbox 150 1043 258 1098; x_wconf 87' lang='lat' dir='ltr'><strong>homines,</strong></span> <span class='ocrx_word' id='word_1_94' title='bbox 274 1058 341 1104; x_wconf 86' lang='lat' dir='ltr'><strong>quam</strong></span> <span class='ocrx_word' id='word_1_95' title='bbox 352 1044 388 1090; x_wconf 89' lang='lat' dir='ltr'><strong>alii</strong></span> <span class='ocrx_word' id='word_1_96' title='bbox 400 1059 481 1090; x_wconf 87' lang='lat' dir='ltr'><strong>mores</strong></span> 
     </span>
    </p>
   </div>
   <div class='ocr_carea' id='block_1_2' title="bbox 100 1104 685 1255">
    <p class='ocr_par' dir='ltr' id='par_1_4' title="bbox 100 1104 684 1235">
     <span class='ocr_line' id='line_1_17' title="bbox 134 1104 683 1170; baseline 0.002 -18"><span class='ocrx_word' id='word_1_97' title='bbox 134 1104 228 1153; x_wconf 79' lang='lat' dir='ltr'><strong>XCVI.</strong></span> <span class='ocrx_word' id='word_1_98' title='bbox 251 1107 328 1155; x_wconf 84' lang='lat' dir='ltr'><strong>Prima</strong></span> <span class='ocrx_word' id='word_1_99' title='bbox 346 1107 440 1155; x_wconf 87' lang='lat' dir='ltr'><strong>Vitellio</strong></span> <span class='ocrx_word' id='word_1_100' title='bbox 461 1109 534 1155; x_wconf 81' lang='lat' dir='ltr'><strong>tertiae</strong></span> <span class='ocrx_word' id='word_1_101' title='bbox 552 1108 648 1170; x_wconf 79' lang='lat' dir='ltr'><strong>legionis</strong></span> <span class='ocrx_word' id='word_1_102' title='bbox 668 1104 683 1153; x_wconf 84' lang='grc'><strong>11</strong></span> 
     </span>
     <span class='ocr_line' id='line_1_18' title="bbox 100 1171 685 1255; baseline -0.002 -38"><span class='ocrx_word' id='word_1_103' title='bbox 100 1172 221 1255; x_wconf 57' lang='lat' dir='ltr'><strong>nuntiatus,</strong></span> <span class='ocrx_word' id='word_1_104' title='bbox 238 1173 313 1219; x_wconf 87' lang='lat' dir='ltr'><strong>missis</strong></span> <span class='ocrx_word' id='word_1_105' title='bbox 323 1173 351 1220; x_wconf 87' lang='lat' dir='ltr'><strong>sb</strong></span> <span class='ocrx_word' id='word_1_106' title='bbox 343 1173 452 1250; x_wconf 82' lang='lat' dir='ltr'><strong>Aponio</strong></span> <span class='ocrx_word' id='word_1_107' title='bbox 464 1173 585 1245; x_wconf 80' lang='lat' dir='ltr'><strong>Saturnino</strong></span> <span class='ocrx_word' id='word_1_108' title='bbox 599 1171 685 1233; x_wconf 84' lang='lat' dir='ltr'><strong>epistoli</strong></span> 
     </span>
    </p>
   </div>
   <div class='ocr_carea' id='block_1_3' title="bbox 0 0 818 3150">
    <p class='ocr_par' dir='ltr' id='par_1_5' title="bbox 0 0 818 3150">
     <span class='ocr_line' id='line_1_19' title="bbox 0 0 818 3150; baseline 0 0"><span class='ocrx_word' id='word_1_109' title='bbox 0 0 818 3150; x_wconf 95' lang='lat' dir='ltr'><strong> </strong></span> 
     </span>
    </p>
   </div>
  </div>
 </body>
</html>
