1680 3298
93 156 147 197 J.c.
156 159 190 201 71.
211 149 458 199 HISTORIARUM
470 149 522 198 Lrn
530 149 575 197 1v.
585 149 643 199 Car.
651 155 689 199 62.
717 155 765 200 187

97 290 225 344 querentur.
251 278 297 329 'Ad
316 282 481 344 quintum'fere
497 283 592 344 lapidem
613 283 683 329 coorti
704 284 765 330 Ger·

95 348 156 394 muni
178 349 293 395 incautum
321 364 402 409 agmen
429 349 597 410 aggrediuntur.
637 347 764 409 Pugnacis·

96 415 167 459 simus
175 416 270 473 quisque
280 414 303 459 iu
315 414 417 474 vestigio,
430 414 493 460 multi
505 414 611 475 palantes,
623 411 761 460 occububrea

96 479 171 524 caeteri
184 485 244 524 retro
255 479 278 524 in
290 486 362 524 castra
377 477 522 540 profugiunt;
540 485 647 538 querente
658 493 711 524 sane
723 475 765 525 Ci-

96 542 148 594 vile,
167 550 190 589 et
208 544 337 604 increpante
355 543 489 597 Germanos,
507 550 620 604 tamquam
640 541 705 590 fidem
724 558 765 605 per

96 607 170 654 scelus
181 607 345 669 abrumperent.
378 608 487 654 Simulata
496 624 522 654 ea
533 607 623 662 suerint,
631 623 660 654 an
669 608 766 654 retinere

98 672 219 718 saevientes
241 673 372 733 nequiverit,
394 688 472 734 parurn
494 672 623 719 affinnatur.
663 671 766 734 Direptis

98 737 187 792 castris,
197 736 258 784 faces
268 738 384 799 injiciunt3
396 745 538 798 cunctosque,
547 738 585 797 qui
596 737 675 799 proelio
687 752 765 798 super·

98 800 194 854 fuerant,
206 802 333 849 incendium
344 803 426 849 hausit.

134 865 203 912 LXI.
220 864 306 921 Civilis,
324 868 416 914 barbaro
427 878 488 921 voto,
504 873 555 928 post
573 873 647 927 coepta
658 867 765 914 adversus

100 929 218 979 Rornauor
229 946 298 988 erma,
315 947 439 994 propexum
453 933 611 992 rutilatumque
622 932 713 985 crinem,
724 947 765 992 pa·

98 993 158 1042 tratri
168 996 257 1043 demum
268 998 330 1043 caede
340 997 462 1058 legionum,
473 997 581 1059 deposuit
605 995 638 1042 Et
647 995 765 1052 serebatur,

97 1060 191 1122 parvulo
202 1060 249 1107 filio
259 1062 367 1122 quosdnm
382 1063 528 1123 captivorum,
544 1062 633 1122 sagittis
639 1060 765 1123 jaculisque

97 1125 219 1187 puerilibus
229 1125 337 1188 figendos,
344 1127 457 1173 obtulisse.
477 1124 591 1174 Caeterum
603 1141 675 1186 neque
684 1141 714 1180 se,
724 1141 765 1173 ne·

98 1205 142 1251 que
152 1206 285 1252 quemquem
297 1191 416 1247 Batavum,
428 1192 451 1237 in
460 1191 527 1237 verba
538 1191 662 1237 Gslliarum
674 1191 765 1252 adegit3

97 1255 153 1303 fisus
165 1257 331 1303 Germanorum
343 1257 420 1318 opibus
426 1273 434 1314 ;
446 1263 475 1312 et,
488 1255 507 1301 si
518 1255 647 1302 certandum
658 1256 766 1302 adversus

99 1321 179 1368 Gallos
195 1321 223 1368 de
241 1323 381 1384 possessione
397 1336 470 1368 rerum
485 1320 550 1375 foret,
562 1320 658 1380 inclytus
669 1319 730 1366 fami
744 1327 768 1367 et

97 1385 178 1446 potior.
212 1386 338 1434 Mummius
357 1385 480 1448 Lupercus,
491 1386 579 1448 legatus
589 1385 691 1447 legionis,
708 1385 766 1432 inter

99 1450 158 1496 dona
172 1452 253 1498 missus
264 1451 365 1498 Veledae.
397 1451 433 1498 Ea
451 1452 516 1513 virgo
534 1451 630 1497 nationis
646 1449 764 1498 Bructerae

98 1515 144 1561 late
158 1516 297 1578 imperitabat
304 1523 318 1562 :'
329 1524 406 1563 vetere
424 1517 483 1578 apud
494 1517 621 1563 Gennnnos
633 1530 710 1570 more,⁴
719 1530 765 1576 quo

98 1579 216 1641 plerasque
230 1580 363 1627 feminarum
373 1580 480 1636 fatidicas,
492 1589 523 1638 et,
539 1587 674 1641 augescente
685 1596 763 1642 super·

99 1643 198 1699 stitione,
213 1646 346 1693 arbitrantur
354 1647 423 1693 dees'
444 1645 554 1707 Tuncque
565 1645 659 1693 Veledae
670 1647 767 1692 auctori·

97 1715 134 1755 tus
145 1709 256 1757 adolevit:
275 1725 327 1758 num
343 1727 459 1774 prosperas
471 1712 591 1759 Germanis
603 1726 639 1757 res
655 1718 679 1756 et
692 1711 766 1757 exsci-

98 1773 160 1820 dium
170 1775 285 1836 legionum
295 1777 434 1838 praedixerat.
468 1777 512 1824 Sed
524 1775 641 1836 Lupercus
651 1776 674 1822 in
685 1776 765 1822 itinere

97 1839 237 1887 interiectus.
269 1839 340 1888 Pauci
357 1842 513 1888 centurionum
531 1842 720 1900 tribunorumque,
740 1841 764 1886 iu

99 1903 176 1951 Gallici
185 1906 264 1967 geniti,
275 1913 422 1960 reservantur,
434 1908 516 1969 pignus
528 1906 646 1952 societatis.
674 1904 763 1953 Cohor-

99 1969 163 2024 tium,
179 1970 272 2028 alarum,
290 1972 405 2033 legionum
422 1972 514 2018 hiberna
532 1971 638 2018 subverso
655 1977 764 2017 cremata·

98 2049 157 2096 que;
174 2035 202 2081 iis
213 2043 300 2083 tentum
312 2037 400 2093 relictis,
413 2051 464 2097 quae
477 2036 618 2098 Mogontiaci
635 2050 661 2081 ac
675 2034 764 2082 Vindo-

96 2100 165 2146 nIssae
176 2101 290 2148 sitasunt.

131 2163 215 2211 LXII.
231 2165 305 2228 Legio
314 2166 470 2221 sextadecima,
483 2181 535 2212 cum
547 2166 635 2212 auxiliis
646 2165 713 2211 simul
724 2165 764 2212 de·

96 2229 155 2284 ditis,
167 2245 181 2277 a
197 2229 300 2278 Novesio
310 2232 334 2277 in
350 2232 460 2279 coloniam
476 2229 628 2278 Treverorum
639 2230 766 2291 transgredi

98 2295 193 2353 'ubetur,
204 2295 317 2357 prefiniti
327 2296 369 2350 die,
386 2297 445 2342 intra
459 2312 525 2356 quam
542 2296 621 2343 castris
638 2295 765 2342 excederet.

127 2359 201 2406 edium
210 2376 278 2408 omne
288 2369 377 2424 tempus
387 2377 427 2423 per
437 2362 509 2408 varias
520 2377 585 2408 curus
598 2358 679 2422 egbre:
699 2360 765 2421 igne-

96 2424 203 2471 sissimus
217 2427 317 2486 quisque,
338 2441 448 2473 caesorum
470 2427 529 2488 opud
547 2425 633 2472 Vetera
654 2425 765 2487 exemplu

96 2497 220 2550 paventem
237 2491 317 2538 melior
324 2506 376 2553 pors
387 2492 467 2538 rubore
475 2499 499 2537 et
508 2488 613 2537 iniamid:
633 2489 700 2550 quale
709 2489 767 2536 illud

96 2553 158 2600 iteri
175 2556 224 2615 quis
242 2556 289 2603 dux
311 2555 375 2604 viae?
392 2563 416 2604 et
439 2557 519 2604 omnin
531 2557 559 2604 in
575 2555 672 2602 urlirtr'io
689 2561 787 2601 eorm

87 2630 149 2674 nuos
165 2619 218 2667 rr'tae
235 2623 347 2686 necisque
367 2624 479 2674 dominos
495 2622 623 2673 iecissent
659 2617 720 2671 lxlix·
733 2608 811 2657 ὦ

77 2678 197 2752 ’Ῑῗᾰθθθήδ
214 2685 278 2745 011ῖᾶ
300 2694 441 2754 pecuniam,
463 2700 508 2744 aut
526 2689 659 2741 conserua
675 2664 836 2760 §ww

708 2680 714 2692 ἱ

788 2753 793 2763 e
806 2751 826 2764 ,xl
