1612 3150
65 69 101 91 Ι..
116 54 217 76 ..aaran
234 42 368 76 testudinem
387 31 525 82 scandentes,
542 44 614 90 prensa

22 95 103 140 >stium
119 95 163 140 tela
176 95 323 156 brachiaque:
343 96 426 156 integri
437 111 488 140 curn
500 95 587 147 sauciis,
606 110 616 139 s

22 174 71 205 eces
83 175 135 205 cum
147 161 316 221 exspirantibus,
324 160 453 213 volvuntur,
464 158 524 206 varit
532 175 615 221 perenn

22 223 83 276 ninii,
101 232 124 270 et
135 225 196 270 ornni
207 225 306 287 imagine
317 226 430 271 mortium.

35 287 138 336 XXIX.
154 290 297 336 Acerrimum
315 291 417 351 septimae
428 290 546 350 tertiaeque
556 290 623 351 legior

23 361 132 401 ettamen:
152 363 175 402 et
193 355 240 402 dux
254 355 376 409 Antonius,
394 370 445 402 cum
457 355 549 401 delectis
560 354 625 401 auxili

25 435 53 477 rs,
77 420 156 467 eodem
175 421 313 469 incubuerat.
346 419 480 468 Obstinstos
498 421 557 467 inter
576 435 601 466 se
619 434 627 464 ι

28 484 114 533 stinere
124 484 242 533 Vitelliani
253 487 379 561 nequirent,
396 493 420 532 et
436 487 560 549 superjacta
571 485 628 531 tela

29 551 80 598 dine
95 551 239 608 laberentur,
256 551 328 614 ipsam
339 558 453 612 postremo
463 551 590 597 ballistam'
584 565 607 595 ιιι
620 564 630 596 ι

31 624 82 664 rrtes
96 613 232 680 propulere3
250 631 309 677 quse,
326 624 351 662 ut
368 616 396 662 ad
413 631 513 678 praesens
530 616 633 678 disjecit

33 684 98 793 igue,
114 697 172 743 quos
188 681 305 737 inciderat,
322 682 354 728 ita
370 682 450 744 pinnas
469 696 495 728 ac
514 696 602 728 summa
620 696 635 727 v

78 746 120 794 sub
129 748 211 794 traxit.
230 747 314 793 simui'
304 754 385 824 juncta
395 748 464 794 turris
474 747 555 793 ictibus
565 761 637 792 saxon

38 812 83 859 sit.
102 810 149 874 qud
156 812 274 875 septimani
286 813 339 859 dum
348 813 451 859 nituntur
461 813 547 867 cuneis,
564 812 639 857 tertias

40 877 116 981 prrbus
133 878 259 940 gladiisque
275 884 364 940 portam
379 877 494 941 perfregit.
528 876 632 923 Primum

44 940 136 992 1¹⁸th
147 941 276 998 Volusium,
293 945 368 990 tertias
384 943 480 1006 legionis
495 942 598 996 militem,
615 942 644 988 int

44 1023 84 1055 nes
101 1015 205 1055 auctores
215 1015 316 1055 constat.
337 1009 357 1054 is
367 1009 391 1054 in
402 1009 486 1055 vallum
503 1022 614 1070 egressus,
632 1007 646 1053 d

46 1074 98 1120 ratis
117 1074 156 1134 qui
175 1074 311 1128 restiterant,
328 1074 463 1135 conspicuus
481 1087 551 1119 manu
570 1087 596 1118 ao
615 1087 648 1118 vo

48 1145 68 1185 n
78 1144 151 1185 eastra
158 1139 320 1186 conclamavit
340 1139 423 1194 caeteri,
439 1139 547 1226 trepidis
537 1153 585 1215 Jam
597 1135 650 1183 Vite

50 1203 75 1259 is,
87 1204 382 1264 aequaevallonraennim
368 1204 442 1238 nium
