1680 3298
57 125 78 165 J.
88 126 148 171 070.
176 120 423 172 HISTORIARUM
432 119 484 169 Lm.
494 119 542 170 III.
552 118 612 170 Cur.
619 124 658 168 82.
676 122 721 168 147

57 259 161 313 poscunt.
193 254 250 316 Agit
260 261 336 316 grates
347 253 459 309 Vitellius,
476 262 499 300 et
512 254 540 300 ad
554 252 659 299 tuendam
672 249 720 296 Ur-

57 318 108 363 bem
124 333 268 381 prorumpere
280 320 352 382 jubet.
385 318 451 375 Mox,
468 326 549 365 vocato
563 324 647 371 senatu,
665 315 720 362 deli·

55 388 144 442 guntur
159 383 227 446 legati
245 385 273 431 ad
290 385 407 438 exercitus,
424 391 449 430 ut
467 390 578 446 praetexto
595 379 723 444 reipublice

56 447 201 495 concordiem
218 463 340 510 pacemque
357 449 482 496 suaderent.
514 447 585 495 Varia
594 448 720 508 legatorum

57 525 110 559 sors
118 511 169 559 luit.
192 512 240 567 Qu
250 513 334 561 Petilio
345 512 427 563 Ceriali
437 518 586 568 occurrerent,
596 518 723 559 extremum

55 575 179 623 discrimen
196 575 276 633 adiere,
293 579 440 640 sdspernante
450 580 521 627 milite
531 577 671 626 conditiones
681 591 722 638 pa·
794 573 796 583 '

57 639 106 687 ola:
131 641 261 689 vulneratur
278 651 368 703 praetor,
384 644 499 691 Arulenus
518 643 640 691 RustIous:
660 640 723 688 aurdt

56 704 173 761 invidiam,
190 721 257 767 super
269 707 377 754 violatum
395 707 464 768 legati
474 707 620 769 praetorisque
631 719 721 761 nomeu,

56 770 149 831 propria
166 770 267 832 dignatio
282 771 332 817 vlri.
363 770 472 818 Palnntur
488 772 594 819 comites:
614 770 723 817 occiditur

57 833 175 896 proximus
184 834 257 889 lictor,
273 835 388 882 dimovere
398 837 484 882 turbam
495 849 575 882 ausus:
595 842 624 888 et,
636 834 660 880 ni
671 834 723 882 dato

58 913 74 946 n
85 897 143 944 duce
152 899 257 960 praesidio
267 898 351 946 defensi
361 898 441 953 forent
459 915 545 946 sacrum
563 900 630 946 etlam
645 900 668 943 in
681 912 722 944 ex·

58 969 121 1010 teres
131 968 211 1024 gentes
221 964 346 1027 legatorum
352 965 398 1026 jus,
415 970 467 1011 ante
483 966 531 1026 ipsa
542 964 621 1044 putriae
631 963 722 1019 moenia,

56 1026 133 1075 nivilla
150 1028 220 1077 rabies
236 1043 307 1089 usque
321 1029 345 1076 in
362 1029 455 1075 exitium
469 1035 606 1075 temmssset.
639 1026 722 1087 AEqm-

57 1092 138 1147 oribus
153 1093 232 1141 animis
250 1093 336 1154 sucepti
352 1101 412 1147 sunt
429 1093 467 1154 qui
478 1093 506 1140 nd
516 1093 643 1140 Antonium
653 1105 722 1138 vene·

58 1165 118 1213 rant,
135 1171 181 1206 non
191 1159 244 1220 quie
253 1157 376 1206 modestior
385 1159 456 1214 miles,
472 1158 512 1205 sed
522 1158 572 1204 duci
582 1157 633 1220 plus
644 1163 721 1204 aucto·

58 1223 141 1277 pitatio.
210 1270 213 1274 A

95 1285 216 1335 LXXXI
232 1288 358 1335 Miscuerat
373 1303 398 1334 se
413 1287 493 1349 legetis
508 1286 631 1334 Musonius
641 1284 723 1342 Rufus,

59 1353 170 1413 equestris
181 1354 270 1409 ordinis,
279 1353 376 1401 studium
386 1353 532 1414 philosophiae
542 1362 566 1399 et
572 1351 654 1413 placito
662 1351 725 1398 Stoi·

59 1432 139 1465 corum
151 1419 283 1474 aemulatus;
295 1419 456 1480 coeptabatque‚
466 1418 590 1480 permixtus
600 1415 726 1477 manipulis,

60 1483 121 1530 bona
131 1484 192 1544 patin
202 1498 228 1530 ao
238 1483 291 1530 beili
301 1482 428 1530 discrimina
438 1483 556 1537 disserens,
567 1489 664 1529 annatos
674 1495 725 1526 mo-

60 1561 124 1597 nere.
157 1545 185 1594 Id
204 1547 315 1610 plerisque
336 1547 436 1603 ludibrio,
457 1548 556 1609 pluribus
577 1546 657 1593 taedio:
683 1559 726 1592 neo

61 1612 162 1666 deerant,
179 1613 216 1672 qui
226 1613 376 1674 propellerent
384 1613 589 1674 proculonrentque,
606 1611 636 1666 ni,
647 1609 726 1656 admo·

63 1677 115 1723 nitu
135 1677 292 1724 modestissimi
314 1678 427 1740 cujusque,
451 1685 475 1724 et
496 1678 545 1724 eliis
566 1674 728 1730 minitantibus,

63 1739 176 1789 omisisset
186 1741 364 1802 intempestivam
372 1742 509 1804 sapientiam.
541 1741 621 1788 Obviae
631 1737 694 1785 suere
704 1745 729 1786 et

62 1804 164 1865 virgines
176 1804 279 1853 Vestales
289 1821 339 1853 oum
349 1807 449 1868 epistolis
456 1806 550 1861 vitellii,
561 1806 589 1852 ad
600 1804 726 1851 Antonium

63 1875 164 1983 {titt
183 1869 661 1996 Eltttllttiiitltltttlit
671 1884 726 1979 tt:

63 2005 166 2048 venturo.
201 1997 308 2060 Virgines
326 2014 378 2046 cunr
396 2000 482 2045 honore
501 1998 611 2045 dimissae:
635 1996 728 2044 Vitellio

64 2063 205 2124 reeorIptum
217 2063 293 2110 Sabini
301 2064 363 2110 caede
373 2070 396 2109 et
406 2063 509 2109 incendio
518 2061 623 2125 Capitolii
634 2061 728 2110 diremta

62 2127 117 2179 belli
127 2128 268 2175 commercia.

99 2190 235 2239 LXXXII.
251 2191 359 2239 Tentavit
374 2199 451 2239 tamen
468 2192 583 2239 Antonius
599 2198 690 2238 vocatas
701 2182 729 2238 ad

63 2257 199 2307 concionem
215 2256 317 2319 legiones
333 2258 443 2319 mitigere,
460 2264 492 2313 ut,
508 2258 587 2304 canno
593 2257 661 2319 juxto
670 2270 728 2317 pon·

63 2329 112 2371 tem
129 2321 244 2368 Muleum
261 2322 345 2384 positis,
361 2319 451 2384 posteri
468 2322 504 2369 die
523 2321 608 2368 Urbem
624 2321 729 2382 ingrede-

11 2419 16 2429 ·
62 2393 150 2435 rentur.
183 2385 252 2433 Retio
263 2387 389 2441 cunctandi,
402 2403 433 2434 ne
443 2394 557 2448 asperatus
566 2385 647 2448 proelio
657 2385 729 2442 miles,

63 2466 114 2500 non
124 2450 213 2513 populo.
230 2464 276 2498 non
293 2453 387 2506 senatui,
403 2467 433 2498 ne
449 2451 537 2513 templis
552 2452 641 2511 quidem
652 2464 679 2496 ao
690 2451 730 2498 de·

62 2516 134 2563 lubria
149 2516 241 2562 deorum
258 2517 390 2563 consuleret
419 2516 464 2563 Sed
475 2527 566 2562 ornnem
575 2515 741 2577 prolationem„

63 2587 92 2628 ut
101 2579 213 2628 inimicam
224 2579 333 2639 victoria
345 2583 519 2646 suapeotnlnnt.
548 2579 630 2630 nmo
635 2575 764 2636 nomint

53 2644 178 2709 wolin
188 2646 282 2711 venida,
298 2665 447 2719 quamquem
456 2642 680 2713 imbelliapopulu
688 2644 782 2696 W
