1612 3150
243 53 255 57 ⁷.
276 29 397 73 v„mosque
417 29 462 58 non
481 13 588 60 toleraret

24 99 47 122 us
58 92 159 138 quosque
169 87 307 124 accesserat:
328 80 392 139 pium
404 80 430 126 an
442 79 556 131 tertianus,
569 93 592 122 vr

32 144 200 203 recentiumque
218 143 355 189 admonens:
375 153 400 189 ut
411 145 451 188 sub
463 144 498 189 M.
508 144 592 188 Antoni

24 224 44 259 s,
63 209 104 254 sub
124 206 253 254 Corbulone
265 210 393 261 Armenios,
413 224 483 268 nuper
495 210 599 255 Sarmata

25 282 82 318 sent.
115 273 175 318 Mox
195 274 303 320 infensius
322 275 475 335 praetorianis:
501 277 516 301 “
532 271 598 326 Vos,’

37 338 103 383 “nisi
121 338 217 393 vincitis,
235 339 323 400 pagani,
342 340 392 399 quis
408 339 465 384 nlius
480 338 607 399 imperator,

24 412 73 450 stra
84 403 127 450 alin
137 403 268 464 excipient?
302 402 353 449 Illic
365 405 430 465 signa
441 418 546 463 armoque
554 418 607 449 ves·

24 475 48 524 tt,
66 475 90 514 et
105 482 166 514 mors
183 469 262 514 vietis:
276 484 329 515 nam
341 468 489 530 ignominiam
500 482 608 514 consum·

58 530 164 595 Undique
176 533 273 580 clamor:
294 542 317 580 et
328 535 437 580 orientem
449 532 519 580 solem
532 534 575 597 (itu
585 533 610 579 in

31 613 66 645 ros
76 596 124 659 est)
136 599 226 645 tertiani
238 596 371 646 salutavere.

34 662 55 709 7.
69 661 151 726 ngus
161 663 221 719 inde,
233 678 262 710 nn
276 664 370 710 consilio
381 664 444 710 ducis
458 663 560 710 subditus
570 679 609 709 ru·

38 728 127 775 venisse
143 729 293 786 Mucianum
313 730 425 775 exercitus
435 729 533 775 invicem
548 728 608 775 suiu-

41 794 141 842 Gradum
164 794 270 848 inferunt,
293 795 357 855 quasi
376 794 502 840 recentibus
520 794 609 840 auxiliis

45 860 168 923 irioreJam
180 858 353 906 Vitellianorum
364 860 420 914 soie,
433 866 458 906 ut
468 875 533 920 qnos,
545 859 607 905 nullo

49 940 98 971 tuus
108 940 220 986 quemque
230 926 328 987 impetus
338 924 375 972 vel
386 940 456 987 parm
466 925 609 971 eontrnberet

53 1005 88 1037 ve.
123 988 245 1051 Postquam
266 991 375 1052 impulsos
395 991 465 1037 sensit
484 989 607 1045 Antonius,

56 1055 117 1101 mine
128 1056 270 1102 obturbabat:
290 1055 358 1103 laxati
370 1056 460 1102 ordines
471 1055 606 1116 abrumpun-

60 1120 140 1166 ·estitui
150 1119 248 1181 quivere,
260 1121 431 1183 impedientibus
440 1120 547 1168 vehiculis
558 1128 606 1166 tor-

65 1218 71 1230 .
93 1183 140 1232 Per
149 1185 243 1231 iimitem
256 1187 300 1232 viae
308 1194 444 1247 spernuntur
462 1200 516 1216 w-
590 1185 594 1188 ’

67 1264 81 1282 a
98 1251 196 1282 vineam·
237 1250 257 1266 '⁸¹'
