1612 3150
42 14 274 124 uibbbutsglbnliia
216 59 299 115 Sabini,
316 37 432 122 currupta3
450 61 495 121 qui,
512 63 592 108 ιιιιιιιιι
603 67 658 106 tem«

40 130 99 183 rmis,
116 125 287 172 munitissimam
299 122 405 187 Capitolii
415 140 498 182 arcem,
514 133 584 173 etue
600 138 658 187 mam

41 194 115 240 uidem
127 190 259 237 exercitibus
270 191 448 266 expugnabilem,
465 191 572 237 adversus
588 197 635 237 trea
649 203 658 237 t

37 267 100 305 ortes
118 256 174 302 tueri
192 255 336 316 nequivisset.
367 240 438 301 Hand
451 253 516 301 saeile
533 256 583 316 quie
600 254 658 301 unit

37 322 147 384 ignaverit
157 320 253 382 eulpam,
268 334 321 379 quae
331 320 431 366 omnium
445 318 501 366 fuit:
521 334 574 367 nam
591 326 616 367 et
631 318 658 367 M

34 389 102 434 ianus
113 385 223 447 ambiguis
233 384 332 447 epistolis
342 384 438 432 victores
452 384 585 439 morabatur,
603 391 627 431 et
638 384 657 431 A

32 454 102 498 onius
116 455 254 512 praepostero
271 450 386 509 obsequio,
408 449 445 496 nel
461 449 514 495 dum
532 450 616 511 regerit
629 450 654 496 in

30 518 91 570 tiam,
101 515 288 561 crimenmernit·
302 513 446 590 caeteriqued
447 514 567 570 urendum
574 522 654 577 perant

28 582 108 628 bellum
119 586 205 641 putant,
221 578 289 625 finem
305 580 353 640 ejue
368 576 512 641 insignivere.
544 578 583 626 Ne
594 579 652 627 Petit

26 646 117 706 quidem
135 642 236 698 Cerialis,
252 657 303 690 eum
317 643 379 690 mille
389 644 499 704 equitibus
509 644 647 705 praemiatus,

27 710 160 757 transversis
170 708 285 755 itineribus
295 723 424 770 peregrum
437 709 543 755 Sabinum
555 709 640 757 sumt

28 775 115 822 Urbem
134 773 242 826 introiret,
259 774 313 820 satie
331 780 492 820 maturauerat:
515 774 586 821 donec
605 776 646 823 oba

29 839 134 899 Capitolii
145 838 204 884 sarna
214 846 306 885 cunctos
318 839 384 885 timul
394 840 485 886 exciret.

60 901 182 949 LXXIX.
189 902 303 949 Antonius
311 918 350 965 per
359 902 491 950 Flaminium
499 903 528 949 ad
536 904 596 951 Saxa
603 902 644 952 Ru

28 969 99 1016 multo
113 969 161 1030 jam
179 968 258 1021 noetis,
274 983 348 1014 aerum
366 968 472 1014 auxilium
489 969 558 1015 uenit.
592 966 642 1016 Itur

26 1034 143 1080 terseetum
156 1030 269 1086 Sabinum,
280 1030 431 1095 conflagrtiese
441 1030 584 1094 Capitolium,
596 1041 640 1081 trer

30 1099 124 1152 Urbem,
141 1106 223 1144 moeeta
241 1099 316 1144 omnin
334 1098 431 1159 accepit:
454 1098 540 1160 piebem
560 1114 638 1160 quoqu«

28 1164 118 1210 servitia
129 1178 169 1223 pro
180 1161 275 1210 Vitellio
286 1162 372 1217 armari,
384 1163 532 1209 nuntiabatur.
566 1162 600 1211 Et
607 1163 637 1211 Pr

29 1227 112 1277 Ceriali
124 1234 227 1287 equestre
237 1228 339 1289 proelium
357 1227 474 1273 adversum
490 1227 575 1274 fuerat:
596 1244 635 1276 uar

28 1294 149 1346 incautum,
167 1299 313 1369 ettamquam
325 1293 435 1338 eductos
445 1299 554 1347 ruentem
566 1291 634 1341 Vitel'

28 1358 157 1414 interjectus
168 1357 236 1426 equiti
247 1356 321 1418 pedes,
334 1371 453 1442 earcepere.
476 1356 616 1456 b'ugnatum

369 1422 412 1447 ‘¹
416 1428 475 1454 *⁴⁰⁶
498 1430 560 1462 *eet
579 1422 629 1469 anfr
