1612 3150
47 32 84 75 ue,
103 24 125 61 et
143 19 215 77 capite
229 25 344 71 truncum,
361 41 442 74 emp..
456 54 470 60 .-

45 83 132 127 tahuut.
389 86 394 92 “

67 144 174 191 LXXV.
197 143 246 191 Hie
265 145 339 190 exitus
358 143 400 189 viri
420 143 479 190 haud
499 158 554 190 sane
576 159 658 206 operm

41 211 144 271 ²Quinque
163 217 186 255 et
204 210 296 271 triginta
313 208 423 270 stipendia
440 209 463 254 in
483 208 596 270 republica
614 209 658 257 fect

39 277 95 323 lomi
117 276 247 335 militiaeque
266 274 352 320 clarus:
380 274 532 320 innocentiam
546 274 658 335 justitiam

37 343 82 403 ejus
95 356 139 387 uon
152 355 270 401 argueres:
291 339 400 385 sermonis
412 339 494 385 nimius
505 346 560 385 erat.
593 337 623 387 Id
634 356 658 387 ιιι

35 416 119 467 septem
143 407 214 458 aunis,
237 405 317 463 quibus
336 403 452 456 Moesiam,
474 401 603 459 duodecim,
625 421 658 467 qu

49 471 189 517 raefeeturam
204 468 272 517 Urbis
283 469 386 523 obtinuit,
403 469 552 516 calumniatus
568 477 604 517 est
621 487 657 517 rut

33 488 62 582 ln
75 535 118 581 fiae
131 537 184 580 vitae
195 535 231 580 alii
240 549 341 596 segnem,
358 533 422 579 multi
435 535 573 581 moderatum
586 542 610 582 et
621 537 655 583 cit

33 601 149 662 sanguinis
157 615 248 661 parcum
260 596 381 645 credidere.
410 598 478 652 Quod
486 600 546 646 inter
556 615 638 648 omnes
648 620 652 643 t

31 667 121 718 stiterit,
139 674 191 711 ante
209 665 357 726 principatum
378 663 517 726 Vespasiani,
534 665 604 712 decus
623 667 650 714 do

30 747 100 793 penes
113 731 219 776 Sabinum
232 736 286 776 erat.
319 727 412 777 Caedem
422 732 469 791 aJ'us
480 730 555 777 laetam
564 729 636 779 fuisse

31 799 97 842 clano
106 796 238 856 accepimus¹
272 793 384 840 Ferebant
392 795 500 856 plerique,
512 797 580 843 etiam
589 797 640 858 paci

31 862 123 914 sultam,
136 858 232 905 diremit
243 859 386 906 aemulatione
395 861 453 906 inter
464 861 527 914 duos,
539 876 638 922 quorum

31 943 56 972 se
67 926 159 971 fratrem
170 925 317 984 imperatoris,
334 925 391 970 alter
402 933 529 972 consortem
539 927 626 988 imperii
638 944 642 969 ι

31 999 96 1038 taret,
131 990 175 1036 Sed
198 988 305 1035 Vitellius
324 989 423 1036 consulis
445 990 577 1052 supplicium
600 1007 640 1053 pos

29 1057 113 1120 populo
133 1055 221 1109 restitit,
244 1055 353 1116 placatus,
377 1071 403 1101 ac
422 1055 485 1101 velut
503 1056 576 1101 vicem
597 1058 636 1103 red

29 1124 89 1183 quod
102 1121 298 1182 interrogantibus,
310 1121 360 1181 quis
373 1120 510 1181 Capitolium
521 1121 635 1168 incenditis

30 1203 93 1234 reum
107 1186 198 1233 Atticus
210 1186 333 1232 obtulerat:
353 1183 424 1245 otique
435 1185 583 1240 confessione,
601 1187 633 1233 siv

29 1256 77 1298 tum
99 1252 193 1311 tempori
212 1251 352 1297 mendacium
371 1250 421 1302 suit,
445 1251 551 1297 invidiam
571 1253 631 1298 crima

29 1318 156 1378 agitavisse,
174 1325 198 1362 et
208 1332 221 1363 a
232 1317 330 1379 partibus
343 1315 428 1361 Vitellii
440 1316 552 1370 amolitus,
568 1318 629 1364 videl

64 1382 74 1405 ¹
86 1380 182 1420 vai.
200 1380 283 1427 lisdem
295 1381 372 1426 diebus
382 1379 411 1426 L.
422 1379 535 1435 Vitellius,
552 1383 627 1443 positis

437 1447 442 1453 ·
488 1447 493 1457 ·
543 1447 549 1457 ·
580 1447 617 1476 aaa
