1680 3298
90 135 184 182 J.c.l⁰.
203 131 447 183 HISTORIARUM
456 133 508 181 Lm.
516 131 560 181 1v.
570 131 629 183 Cas.
639 139 675 183 13.
704 139 752 184 157

91 263 193 311 Muciani
209 263 309 312 custodial
325 266 414 311 militari
431 266 524 318 cinctus,
542 281 570 311 ne
587 266 610 312 in
628 263 675 328 ipsi
688 265 752 313 Urbe

89 331 230 391 conspectior
245 345 306 376 mors
324 329 388 382 foret
405 330 432 375 ad
443 330 634 391 quadragesimum
646 332 673 377 ab
686 330 752 378 Urbe

88 395 191 455 lapidem,
212 393 250 441 vii
266 393 349 455 Appia,
365 394 415 440 suso
432 410 472 456 per
489 410 557 441 venas
574 396 690 456 sanguine,
707 410 749 443 ex·

87 460 217 520 stinguitur.
248 457 323 506 Julius
332 457 429 512 Priscus,
440 460 592 520 praetoriarum
603 461 644 505 sub
655 459 750 507 Vitellio

88 523 214 571 cohortium
221 522 346 585 prefectus,
358 523 437 584 seipse
448 523 565 578 interfecit,
576 524 660 584 pudore
668 526 748 586 magis,

88 603 156 650 quam
167 587 305 634 necessitate.
336 586 455 648 Alphenus
466 586 540 634 Varus
550 588 647 650 ignaviae
657 587 747 636 infami-

88 667 154 714 aeque
172 667 219 699 suae
237 650 352 713 superfuit.
384 651 496 698 Asiaticus
514 653 574 698 enim
594 653 625 715 (is
642 651 745 715 libertus)

87 717 170 765 malam
179 717 302 779 potentiam
313 716 387 762 servili
398 715 504 778 supplicio
514 717 620 778 expiavit

120 779 182 828 XII.
197 780 280 827 Iisdem
297 781 373 826 diebus
384 781 558 828 crebrescentem
569 782 637 828 cladis
649 782 745 830 Germa·

87 847 146 894 nicae
164 845 245 892 lamam
261 843 399 905 nequiquam
416 852 497 891 moesta
512 846 592 892 civitas
608 847 743 909 excipiebat:

87 925 161 958 caesos
174 910 290 964 exercitus,
307 918 371 971 capta
384 909 498 972 legionum
515 911 612 965 hiberna,
626 911 747 959 descivisse

87 975 182 1030 Gallias,
193 990 239 1021 non
249 981 274 1020 ut
283 974 342 1020 mala
352 974 503 1035 loquebantur.
536 973 564 1021 Id
574 975 656 1022 bellum
667 976 747 1036 quibus

86 1039 161 1088 musis
177 1047 257 1094 ortum
273 1047 357 1100 quanto
371 1045 513 1086 externarum
524 1041 677 1101 sociarumque
688 1056 745 1102 gea·

85 1107 144 1152 tium
151 1113 214 1151 motu
224 1103 357 1165 flagraverit,
366 1103 432 1150 altius
441 1105 564 1166 expediam.
590 1104 678 1158 Batavi,
691 1105 743 1167 (tlo-

85 1185 128 1218 nec
138 1175 200 1217 trans
208 1168 314 1216 Rhenum
325 1169 426 1229 agebant
435 1184 485 1229 pars
495 1168 625 1229 cattorum)
636 1169 745 1217 reditium

84 1231 278 1295 domesticbpulsi.
294 1238 394 1279 extrema
405 1233 499 1281 Gallicae
515 1249 568 1288 otae,
584 1249 654 1281 vacua
670 1234 743 1281 culto-

83 1301 151 1354 ribus,
163 1299 272 1359 mmumue
282 1297 384 1351 insulam,
392 1313 452 1345 nunc
464 1297 587 1353 Batavim
599 1296 742 1360 occupavere,

83 1379 150 1427 mam
161 1378 223 1411 mare
233 1361 337 1410 Oceanus
347 1377 361 1408 a
370 1361 450 1417 fronte,
467 1362 561 1410 Rhenus
572 1364 643 1409 amnis
655 1371 743 1425 tergum

83 1445 112 1478 ac
129 1429 199 1476 latera
213 1426 352 1475 circumluitr
371 1441 413 1474 nec
430 1428 514 1488 opibus,
531 1429 637 1475 societate
647 1429 740 1474 validio-

81 1508 141 1549 rum.
163 1493 242 1550 attriti,
264 1493 325 1538 viros
341 1498 427 1539 tantum
444 1507 548 1553 armaque
565 1493 657 1555 imperio
675 1493 741 1539 mini·

80 1566 168 1608 atram:
182 1557 220 1603 diu
228 1557 368 1604 Gennauicis
374 1557 436 1603 bellis
447 1559 552 1605 exerciti:
566 1573 620 1604 mox
631 1565 743 1619 auctaper

82 1622 223 1672 Britanniam
235 1621 313 1683 gloria,
329 1621 463 1668 transmissis
473 1623 526 1668 illuc
536 1623 670 1676 cohortibus,
685 1638 742 1682 quas

82 1695 161 1736 vetere
168 1686 270 1733 instituto
277 1685 405 1732 nobilissimi
413 1687 551 1748 popularium
559 1688 672 1749 regebant
684 1687 741 1733 Erat

81 1759 106 1800 et
117 1751 177 1798 domi
188 1750 286 1797 delectus
295 1765 368 1811 eques,
384 1752 495 1813 praecipuo
506 1753 572 1798 nandi
584 1752 662 1806 studio,
680 1767 742 1799 arma

81 1829 196 1877 equosque
210 1815 313 1871 retinens,
329 1815 423 1878 integris
433 1817 512 1863 turmis
522 1816 628 1864 Rhenum
639 1831 740 1878 penum·

80 1896 191 1992 perleiIII.
204 1943 279 1994 Julius
298 1944 381 1993 Paulus
399 1954 423 1995 et
441 1945 549 1996 Claudius
569 1945 655 2000 Civilis,
677 1943 740 2008 regii

80 2012 156 2072 stirpe.
173 2010 244 2057 multo
260 2018 353 2059 caeteros
369 2014 488 2059 anteibant.
522 2013 616 2059 Paulum
628 2011 738 2058 Fonteius

80 2074 171 2138 Capito,
186 2074 243 2122 salso
253 2077 376 2124 rebellionis
387 2078 485 2129 crimine,
496 2076 612 2123 interfecit.
645 2074 738 2137 injectae

80 2138 149 2191 Civili
166 2146 258 2196 catenae,
274 2142 399 2201 missusque
415 2142 443 2189 ad
459 2141 582 2195 Neronem,
599 2148 650 2187 eta
665 2139 739 2188 Galba

79 2205 201 2259 absolutus,
218 2207 259 2253 sub
270 2205 362 2252 Vitellio
374 2222 448 2254 rursus
462 2207 579 2253 discrimen
595 2205 655 2259 adiit,
672 2204 737 2265 ssagl-

79 2276 143 2319 laate
153 2270 285 2332 supplicium
299 2272 347 2333 ejus
358 2272 465 2317 exercitu.
496 2269 553 2317 Inde
564 2285 636 2316 causae
648 2269 738 2323 irarum,

78 2349 174 2399 apesque
189 2349 219 2381 ex
235 2335 299 2382 malis
316 2334 404 2381 nostris.
436 2335 480 2383 sed
497 2334 581 2389 Civilis,
598 2335 736 2393 ultraquam

76 2399 175 2447 barbaris
185 2400 282 2453 solitum,
299 2400 389 2461 ingenio
400 2400 486 2454 sollers,
500 2407 523 2445 et
532 2399 653 2447 Sertorium
662 2412 689 2444 se
700 2406 739 2445 aut

76 2462 229 2515 Hannibalem
244 2463 325 2519 ferens,
342 2464 408 2511 simili
425 2465 470 2512 oris
488 2464 692 2517 dehonestamento,
709 2478 738 2508 ne

77 2535 104 2581 ut
122 2528 182 2576 boati
198 2528 285 2577 obviam
302 2529 376 2583 iretur,
394 2530 412 2575 si
423 2544 437 2576 a
447 2528 528 2590 populo
543 2526 647 2574 Romano
664 2527 739 2589 mam

79 2593 213 2649 minut,
222 2592 354 2657 Vespasiani
365 2593 487 2643 amicitiam
494 2592 645 2654 stubiumuue
651 2591 761 2660 parinum

83 2657 202 2707 tundite
220 2660 298 2711 missis
306 2678 363 2713 sane
375 2663 403 2715 ad
413 2679 472 2723 eum
480 2660 562 2715 Primi
576 2654 780 2709 summatem„

91 2730 192 2773 mus.
554 2744 571 2777 n
