1680 3298
77 147 99 188 J.
107 148 132 187 c.
141 152 174 193 ¹10.
195 138 445 190 HISTORIARUM
456 141 511 189 Lrn.
519 137 568 187 III.
580 139 687 189 Cun65.
711 144 757 189 187

80 275 233 322 descendere-⁸
257 273 380 321 Flavianus
388 275 507 329 exercitus,
519 285 545 320 ut
555 274 584 319 ad
594 273 707 335 proelium,
720 275 755 318 in·

82 347 161 388 tentus
177 346 321 399 ornatusque,
338 340 414 386 densis
430 340 489 386 circs
507 339 567 386 viem
578 339 699 391 ordinibus,
717 339 757 385 nd·

82 405 179 453 stitsrst.
211 405 308 466 Accepti
322 405 346 450 in
361 405 461 452 medium
473 403 604 451 Vitelliani:
623 412 648 450 et
657 405 755 451 circum·

83 471 150 517 rlstos
167 470 259 518 Primus
275 471 393 517 Antonius
403 470 527 517 clementer
536 470 664 530 alloquitur.
699 468 756 516 Psrs

83 535 188 590 Nsrniae,
204 550 255 597 psrs
278 533 416 582 Interamnae
438 536 560 582 subsistere
575 535 649 598 jussi:
669 534 756 581 relictis

82 600 153 648 simul
164 617 177 647 e
187 600 316 648 victricibus
325 601 434 663 legiones,
443 616 517 662 neque
527 600 693 660 quiescentibus
703 615 757 662 grs-

83 681 134 722 ses,
150 666 460 713 ctsdrersuscontumecism
471 666 560 712 validae.
592 664 648 711 Non
659 662 757 713 omisisse

82 734 126 794 per
136 746 177 778 eos
188 731 236 778 dies
244 729 335 778 Primus
347 746 373 778 sc
382 731 458 778 Verus
469 731 553 778 crebris
564 730 649 776 nuntiis
660 731 756 777 sulutem
827 724 831 731 ’

84 807 108 843 et
119 797 238 858 pecuniam
249 802 273 842 et
283 803 370 843 secrete
381 793 514 857 Campsniae
524 793 605 843 offerre
615 793 717 850 Vitellio,
729 797 755 851 si,

84 862 167 924 positis
182 861 257 916 ermis,
274 877 342 922 seque
353 877 379 908 ac
390 861 472 908 liberos
483 877 536 908 suos
547 859 689 922 Vespssiano
702 874 755 922 pers

84 927 192 973 misisset.
208 924 239 972 In
249 927 352 973 eumdem
364 926 456 972 modum
467 933 491 972 et
499 926 622 973 Mucianus
629 925 757 987 composuit

84 991 208 1055 spistolss3
225 992 305 1052 quibus
317 991 450 1054 plerumque
466 989 536 1038 fidere
552 990 666 1046 Vitellius,
683 1005 710 1036 sc
728 990 757 1036 tle

85 1070 182 1104 numero
199 1071 323 1111 servorum,
340 1057 451 1103 electione
465 1056 564 1110 litorum,
581 1056 650 1116 loqui.
681 1054 757 1102 Tants

85 1121 180 1184 torpedo
202 1122 314 1169 invaserat
334 1123 443 1176 suimum,
466 1128 498 1175 ut,
518 1121 538 1168 si
558 1121 682 1183 principem
703 1135 756 1167 eunr

83 1187 156 1235 lusisse
166 1187 243 1234 cseteri
254 1202 300 1234 non
312 1187 473 1241 meminissent,
490 1187 539 1248 ipse
549 1186 725 1233 oblivisceretur.

87 1290 90 1297 .
119 1249 214 1299 LXIV.
230 1253 264 1299 At
278 1252 388 1313 primores
404 1252 503 1298 civitatis
520 1251 623 1298 Flavium
641 1250 756 1306 Sabinum,

85 1317 219 1380 prefectum
232 1317 310 1374 Urbis,
319 1318 412 1364 secretis
419 1317 560 1363 sermonibus
567 1316 696 1370 incitabant,
707 1317 756 1362 vic·

84 1383 152 1430 toriae
161 1381 273 1443 serumque
283 1389 369 1445 portem
381 1389 520 1443 capesseret:
540 1396 591 1428 esse
601 1381 633 1427 illi
641 1381 756 1443 proprium

85 1447 181 1495 militem
190 1448 315 1494 cohortium
325 1448 472 1494 urbsnsrum:
487 1462 530 1494 nec
538 1446 652 1493 defuturas
661 1445 755 1507 vigilum

84 1513 198 1567 cobortes,
209 1513 301 1560 servitis
310 1514 417 1575 ipsorum,
428 1511 542 1560 fortunam
553 1513 656 1574 partium,
672 1519 695 1557 et
706 1526 755 1558 om-

86 1579 126 1624 nis
136 1592 207 1639 prone
216 1579 352 1625 victoribus:
371 1593 401 1624 ne
413 1578 516 1626 Antonio
527 1577 634 1637 Varoque
645 1577 673 1622 de
683 1574 757 1638 gloril

85 1642 228 1690 concederet.
260 1641 347 1690 Peuces
358 1643 452 1690 Vitellio
459 1644 570 1698 cohortes,
582 1650 606 1689 et
615 1643 704 1688 moestis
713 1658 755 1689 un·

86 1708 155 1767 dique
165 1707 250 1754 nuntiis
260 1709 370 1769 trepides:
389 1709 465 1772 populi
475 1709 581 1754 mobilem
592 1707 706 1754 animum:
726 1714 756 1762 et,

86 1772 107 1821 si
119 1786 144 1818 se
155 1771 234 1818 ducem
245 1774 383 1834 praebuisset,
400 1775 489 1820 easdem
505 1773 555 1821 illas
566 1772 705 1819 ndulstiones
715 1787 757 1834 pro

86 1835 228 1898 Vespasiano
234 1837 290 1884 iore.
324 1836 402 1900 Ipsum
413 1838 531 1884 Vitellium
543 1853 572 1884 ne
582 1838 695 1900 prosperis
705 1838 756 1898 qui·

85 1902 141 1950 <lem
159 1916 250 1963 ptrem3
267 1904 323 1950 ndeo
339 1904 455 1951 ruentibus
473 1904 620 1950 debilitatum.
653 1903 756 1949 Gratiam

85 1966 170 2031 pstrsti
186 1967 237 2013 belli
250 1983 320 2030 penes
330 1984 390 2023 eum,
406 1971 445 2030 qui
458 1968 544 2015 Urbem
555 1965 694 2029 ocoupisset.
728 1965 757 2014 Isl

87 2032 174 2081 Ssbino
184 2034 312 2088 convenire,
329 2041 355 2080 ut
370 2035 488 2096 imperium
503 2032 567 2080 irotri
577 2039 718 2090 reservaret3
735 2032 758 2078 id

85 2096 236 2159 Vespasiano,
253 2105 279 2145 ut
288 2100 365 2146 caeteri
376 2107 428 2160 post
439 2099 547 2146 Sebinrun
558 2099 699 2145 haberentur.

120 2161 201 2210 LXV.
219 2161 401 2225 Haudquiquom
417 2171 494 2211 erecto
504 2165 579 2210 animo
590 2178 628 2210 ess
639 2177 708 2210 voces
719 2177 757 2209 ac·

85 2227 189 2291 eipiebst,
206 2227 318 2276 insolidus
329 2227 428 2276 senecti-
458 2228 539 2283 Ersnt,
556 2229 594 2289 qui
609 2227 704 2275 occultis
719 2242 758 2274 su·

86 2293 224 2357 spirionibus
239 2295 384 2348 incesserent,
401 2302 515 2355 tsnrqusm
529 2291 613 2341 insidii
629 2300 653 2340 et
664 2293 758 2339 semuls·

84 2359 149 2407 done
167 2357 281 2406 fortunssn
298 2358 375 2406 l'rstris
390 2367 530 2406 moraretur:
549 2373 647 2420 namque
665 2357 758 2405 Flavius

85 2423 193 2482 Ninus,
208 2431 278 2471 setste
294 2424 361 2487 prior,
378 2425 471 2486 privatis
485 2424 603 2485 utriusque·
612 2424 685 2476 rebus,
701 2432 757 2470 suc-¹

83 2489 178 2537 toritste
188 2487 327 2551 pecuniisque
338 2488 504 2552 Vespasianum
520 2490 626 2536 snteibst.
658 2486 692 2535 Et
707 2503 758 2535 cre-

83 2553 775 2620 debstursfflctsmejssfirlemprae'pusissmomosgmss

77 2619 173 2683 pignori
178 2621 287 2691 acceptis.
322 2621 403 2681 Unrle,
414 2636 561 2687 quemquern
568 2614 817 2709 mammetem

71 2682 282 2751 mmmm,
289 2688 447 2743 offerentum
452 2681 738 2798 opemmt‘gfflw·

546 2770 568 2804 n
