1680 3298
78 115 100 154 J.
110 114 173 160 C-to.
199 111 444 162 HISTORIARUM
455 111 676 162 Lrs.IV.Car.33.
701 115 747 159 169

85 243 194 290 mandatis
206 244 331 292 Montanus
342 245 369 292 ad
386 243 491 301 Civilem,
508 252 534 291 ut
548 246 663 291 absisteret
673 242 746 297 bello;

84 320 143 353 neve
157 316 250 356 externa
263 311 330 356 armis
342 309 405 357 falsis
418 311 510 357 velaret.
543 311 568 356 si
583 308 747 370 Vespasianum

78 369 161 432 juvare
177 388 298 436 aggressus
314 373 379 430 foret,
396 375 532 422 satisfactum
550 374 636 435 coeptis.
669 372 707 418 Ad
721 386 747 417 ea

86 431 167 483 Civilis
187 440 260 500 primo
281 439 373 486 callides
392 447 450 501 post,
466 441 502 486 ubi
524 440 587 486 videt
608 438 746 485 Montanum

83 500 229 561 praeferocem
238 503 337 566 ingenio,
345 511 498 566 paratumque
507 505 530 550 in
542 519 578 550 res
588 517 664 559 novas,
682 515 746 547 orsus

85 578 99 610 a
116 575 195 625 questu
212 567 368 629 periculisque,
385 584 436 630 quae
453 584 493 630 per
510 569 607 629 quinque
624 573 647 614 et
665 565 748 627 viginti

84 642 157 677 annos
168 633 191 677 in
202 633 280 679 castris
288 632 398 680 Romanis
408 634 554 686 exhausisset,
571 637 586 662 “
594 627 745 694 Egregium,”

85 693 165 755 inquit,
188 697 309 759 “pretium
326 697 408 745 laboris
427 700 505 761 recepi,
529 712 607 744 necem
625 695 707 750 fratris,
723 700 747 740 et

84 759 175 806 vincula
193 776 249 816 mea,
265 767 289 808 et
308 763 441 809 saevissimas
459 763 525 826 hujus
542 761 653 808 exercitus
672 774 747 814 voces,

85 824 166 884 quibus
183 826 211 872 ad
228 826 360 888 supplicium
376 828 465 888 petitus,
477 828 530 890 Jure
548 827 649 888 gentium
668 838 747 886 poeuas

86 903 187 949 reposco.
203 888 253 937 Vos
263 898 344 946 autem,
352 889 453 946 Treveri,
464 898 596 952 caeteraeque
603 889 747 937 servientium

86 953 174 1009 animae,
182 955 241 1015 quod
251 956 366 1016 praemium
377 955 440 1003 effusi
451 957 518 1003 toties
528 956 643 1017 sanguinis
654 967 747 1014 exspec-

86 1017 146 1072 tatis,
169 1019 211 1066 nisi
238 1020 347 1082 ingratam
376 1021 485 1078 militiam,
507 1021 641 1066 immortalia
659 1019 748 1072 tributa,

86 1083 170 1144 virgas,
186 1099 288 1140 secures,
308 1093 331 1132 et
349 1086 489 1132 dominorum
508 1083 615 1147 ingenia?
642 1082 681 1130 En
703 1096 748 1144 ego

79 1147 206 1210 ,praefectus
217 1151 282 1197 unius
293 1151 397 1205 cohortis,
409 1158 432 1197 et
444 1148 603 1198 Canninefates
614 1147 748 1208 Batavique,

86 1213 169 1275 exigua
180 1214 304 1262 Galliarum
319 1216 399 1276 portio,
416 1230 475 1262 vana
489 1214 528 1262 illa
544 1221 667 1261 castrorum
678 1211 749 1274 spatia

86 1277 228 1333 exscidimus,
240 1280 277 1326 vel
287 1289 350 1342 septa
358 1279 418 1327 ferro
428 1279 531 1340 fameque
537 1279 665 1342 premimus.
698 1275 749 1323 De·

86 1343 154 1403 nique
172 1358 238 1392 ausos
255 1352 293 1392 aut
311 1345 401 1392 libertas
419 1350 530 1406 sequetur,
553 1351 591 1390 aut
609 1343 663 1389 victi
681 1341 747 1386 iidem

81 1406 193 1465 ,erimus-'¹
218 1409 256 1456 Sic
266 1425 391 1466 accensum,
403 1410 442 1457 sed
452 1409 554 1457 molliora
564 1407 645 1454 referre
651 1407 748 1468 jussum,

79 1471 185 1521 dimittit
218 1471 268 1530 Ille,
291 1481 316 1521 ut
336 1476 412 1523 irritus
433 1474 558 1538 legationis,
581 1473 652 1526 rediit,
668 1477 750 1518 caetera

87 1536 236 1592 dissimulans,
252 1554 305 1600 quae
314 1538 479 1603 moxerupdre.
716 1579 719 1582 Α

121 1600 247 1649 ΧΧΧΙΙΙ.
265 1601 351 1661 Civilis,
367 1613 431 1666 parte
446 1605 559 1668 copiarum
577 1599 669 1657 retenti,
686 1606 749 1648 vete·

88 1679 155 1712 ranas
165 1668 274 1723 cohortes,
291 1675 315 1715 et
331 1671 414 1730 quode
425 1670 545 1718 Germanis
559 1668 656 1715 maxime
672 1680 748 1727 prom·

88 1735 144 1785 tum,
161 1732 267 1779 adversus
286 1732 396 1781 Voculam
415 1735 582 1796 exercitumque
600 1734 647 1794 ejus
665 1731 749 1788 mittit3

88 1791 153 1842 Julio
164 1794 274 1854 Maximo,
285 1805 308 1845 et
323 1798 417 1847 Claudio
428 1798 528 1855 Victore,
545 1798 627 1846 sororis
639 1811 686 1843 suae
696 1793 749 1850 lilio,

88 1857 187 1906 ducibus.
209 1859 310 1924 Rapiunt
319 1864 343 1910 in
353 1865 449 1911 transitu
459 1865 551 1911 hiberna
560 1863 609 1917 alae,
620 1860 750 1921 Asciburgii

89 1923 145 1970 sita:
167 1925 265 1988 adeoque
284 1929 397 1990 improvisi
416 1936 489 1976 castra
505 1924 642 1982 involavere,
659 1932 685 1971 ut
703 1939 749 1970 non

87 1987 177 2049 alloqui,
194 2006 240 2038 non
250 1993 347 2054 pandere
356 1995 426 2041 aciem
437 1993 527 2040 Vocula
536 1993 640 2055 potuerit.
673 1987 701 2036 Id
712 2005 749 2035 so·

87 2051 142 2109 lum,
160 2062 185 2101 ut
195 2056 219 2102 in
230 2059 334 2114 tumultu,
345 2060 439 2113 monuit,
450 2060 586 2120 subsignano
596 2056 666 2103 milite
677 2054 750 2100 media

87 2116 189 2166 firmare:
215 2122 297 2169 auxilia
317 2124 399 2185 passim
421 2123 555 2170 circumfusa
573 2127 632 2168 sunt.
672 2118 750 2178 Eques

86 2185 195 2246 prorupit,
212 2195 362 2249 exceptusque
379 2189 509 2250 compositis
520 2187 617 2234 hostium
629 2184 749 2239 ordinibus,

87 2254 153 2310 terga
163 2250 186 2296 in
198 2266 251 2298 suos
260 2253 335 2298 vertit.
368 2250 449 2301 Caedes
460 2253 518 2307 inde,
530 2267 574 2299 non
585 2250 696 2313 proelium.
716 2246 751 2294 Et

86 2310 225 2361 Nervionrm
242 2317 353 2371 cohortes,
369 2329 431 2364 metu
448 2333 488 2364 seu
503 2315 600 2379 perfidid,
617 2315 686 2361 latera
696 2326 752 2358 nos·

86 2382 173 2424 trorum
184 2378 303 2429 nudavere.
337 2382 375 2428 Sic
386 2383 414 2428 ad
424 2383 526 2444 legiones
532 2386 679 2444 perventum
692 2391 750 2437 quae,

86 2442 175 2489 amissis
192 2445 269 2506 signis,
286 2446 344 2493 intra
361 2447 444 2493 vallum
462 2447 632 2502 stemehantur;
647 2457 699 2490 cum
714 2455 751 2488 re·

73 2513 155 2568 ¹pente
172 2523 232 2556 novo
250 2511 333 2557 auxilio
346 2510 438 2559 fortuna
450 2526 535 2574 pugnas
550 2516 657 2557 mutatur.
690 2505 750 2553 Vas·

68 2585 71 2593 ·
86 2584 171 2632 conspr
185 2572 250 2622 lectae
261 2589 275 2622 a
286 2574 359 2623 Galba
373 2576 486 2632 cohortes,
499 2591 527 2624 ac
535 2583 589 2623 tum
597 2573 689 2624 ascitae,
702 2571 764 2614 blm

82 2639 162 2687 unsis
168 2641 330 2708 propinquant,
348 2642 427 2696 audito
436 2636 602 2713 broelsaot'mm
608 2630 793 2705 damam&

110 2718 161 2753 7οΕ
172 2720 210 2756 111.
552 2716 560 2726 ’
574 2720 597 2758 Q
810 2740 834 2857 ⁴
