1680 3298
100 145 197 192 ncnc.
223 139 472 190 HISTORIARUM
484 138 706 191 mantenano.
728 144 776 189 139

95 275 240 324 Obruebatur
248 275 336 322 animus
344 275 487 321 miseratione
494 273 599 334 cunique,
617 290 652 329 ne,
670 273 770 336 pertina-

95 342 160 389 cibus
177 342 252 395 armis,
270 342 344 387 minus
361 341 491 401 placabilem
510 341 619 386 victorem
633 341 769 400 relinqueret

95 408 187 469 conjugi
206 422 232 453 ac
250 406 332 452 liberis.
364 405 421 452 Erat
435 406 466 452 illi
485 413 508 453 et
524 405 584 452 sessu
595 413 768 467 aetateparens;

81 500 84 505 -
95 487 149 534 quae
156 479 240 526 tumen,
257 472 334 532 paucis
344 479 397 517 unte
404 471 488 526 diebus,
505 469 631 532 opportuni
641 479 715 517 morte
725 483 767 515 ex·

95 537 191 584 aridium
200 537 281 583 domlls
288 536 404 598 praevenit,
413 536 469 582 nibil
474 536 600 598 principatu
606 534 645 581 lilii
657 540 767 590 assecuta,

93 603 137 649 nisi
153 602 239 648 luctum
251 608 276 648 et
285 601 367 648 bonam
378 600 468 648 lamam.
487 600 543 647 XV.
556 599 609 647 Kal.
620 600 715 648 Junuar·
724 614 766 646 uu·

94 666 141 714 diti
156 666 283 714 deiectione
299 666 396 728 legionis
410 666 586 726 cohortiumque,
604 680 655 726 quae
667 681 692 712 se
703 664 766 712 Nur·

94 733 141 779 nire
166 732 302 784 dediderant,
326 731 388 794 pullo
410 732 494 777 amictu
516 729 604 777 Palatio
626 730 763 792 degreditur,

94 795 181 844 moestd
190 797 275 844 circum
285 793 376 842 familis.
401 795 472 842 Simul
480 795 593 842 serebatur
603 793 707 842 lecticuli
713 809 765 856 par·

93 862 162 908 vulus
174 860 238 916 lilius,
255 862 351 908 velutin
361 860 477 907 funebrem
488 876 601 922 pompam.
634 859 711 907 Voces
722 875 763 920 po·

94 927 141 990 puli
152 927 240 972 blandae
251 934 275 973 et
285 927 462 988 Intempestivae:
481 926 546 972 miles
556 925 639 972 minaci
650 925 747 972 silentio.

128 989 249 1039 LXVIII.
267 990 318 1038 Nec
334 993 452 1052 qnisquam
463 992 518 1037 adeo
529 1007 603 1037 rerum
613 991 763 1036 humanarum

93 1057 219 1111 immemor,
237 1071 304 1118 quem
321 1072 366 1103 non
384 1064 537 1104 commoveret
552 1057 591 1102 illa
607 1054 690 1103 faciest
710 1053 761 1101 Ro-

93 1136 186 1169 manum
206 1123 336 1185 principem,
360 1128 384 1167 et
401 1121 492 1183 generis
511 1121 602 1168 humani
620 1121 687 1183 paulo
709 1127 762 1168 aute

91 1187 217 1245 domiuum,
234 1184 311 1234 relicti
329 1185 427 1233 fortunae
447 1201 494 1232 suae
513 1187 572 1241 sede,
589 1201 629 1247 per
646 1185 761 1248 populum,

91 1268 133 1316 per
145 1252 239 1308 Urbem,
256 1252 317 1298 exire
334 1252 363 1298 de
378 1252 479 1314 imperio.
512 1250 577 1297 Nihil
589 1251 634 1297 tale
650 1251 760 1306 viderunt,

91 1317 148 1364 nihil
165 1318 295 1364 audierant:
314 1319 431 1378 repentina
447 1318 482 1363 vis
499 1317 630 1362 dictatorem
644 1313 761 1363 Caesarenr

91 1391 247 1445 oppresserat;
260 1382 355 1428 occultae
364 1379 444 1429 Caium
453 1381 541 1427 insidiae
550 1399 556 1428 ι
570 1396 617 1427 nox
625 1388 648 1426 et
655 1381 760 1442 ignotum

90 1463 130 1495 rus
147 1446 226 1510 fugam
246 1447 347 1494 Neronis
365 1447 539 1493 absconderant:
563 1445 617 1492 Piso
639 1453 663 1491 et
686 1444 761 1492 Galba

77 1524 80 1531 ·
91 1519 206 1575 tamquam
217 1513 241 1559 in
253 1513 301 1559 acie
312 1510 426 1559 ceciddre:
445 1513 469 1557 iu
478 1509 518 1558 sud
525 1512 634 1557 concione
645 1510 759 1567 Vitellius,

89 1579 151 1625 inter
169 1593 224 1624 suos
245 1578 335 1632 milites,
359 1578 553 1639 prospectantibus
574 1578 642 1623 etium
661 1574 759 1630 feminis,

88 1657 162 1706 pauca
181 1650 204 1689 et
223 1644 328 1704 praesenti
346 1643 461 1689 moestitlae
483 1642 631 1704 congruentia
651 1640 757 1688 locutus:

92 1705 182 1755 Cedere
199 1707 290 1769 sepucis
300 1715 324 1754 et
334 1707 461 1768 reipublicae
472 1705 552 1754 causi:
573 1707 696 1752 retinerent
706 1712 758 1751 tan-

89 1781 140 1819 tum
155 1773 286 1818 memoriam
303 1773 345 1827 sui,
361 1772 497 1833 fratremque
515 1779 538 1819 et
555 1773 675 1834 conjugem
688 1777 711 1816 et
721 1771 758 1816 in·

89 1836 182 1885 noxiam
192 1837 312 1884 liberorum
321 1845 411 1884 aetatem
422 1839 594 1884 miserarentur:
609 1836 676 1883 simul
686 1834 758 1882 lilium

90 1901 234 1966 protendens,
251 1903 318 1949 modo
326 1903 426 1964 singulis,
443 1903 511 1949 modo
520 1903 630 1948 universis
641 1915 758 1947 commen·

90 1967 154 2021 dans,
170 1974 292 2028 postremo,
305 1967 360 2014 fletu
368 1968 524 2029 praepediente,
542 1967 654 2014 assistenti
672 1965 759 2012 consuli

88 2029 210 2097 (cecilius
217 2033 317 2094 Simplex
324 2032 383 2093 erut)
392 2033 519 2079 exsolutum
527 2047 541 2078 a
548 2032 618 2078 latere
625 2031 758 2094 pugionem,

87 2096 153 2147 velut
165 2097 205 2159 jus
222 2099 284 2145 necis
295 2099 393 2159 vitaeque
404 2098 493 2151 civium,
511 2097 622 2143 reddebat.
656 2094 758 2156 Adsper-

87 2169 158 2212 naute
173 2163 272 2218 consule,
290 2163 461 2210 reclamantibus
478 2163 515 2223 qui
531 2163 555 2208 in
567 2161 676 2208 concione
687 2159 757 2207 adsti-

87 2234 169 2282 terunt,
185 2235 211 2275 ut
227 2229 251 2274 in
269 2229 318 2276 aede
328 2225 465 2276 Corroordiae
479 2228 592 2289 positurus
603 2225 701 2287 insignia
711 2225 756 2270 im·

86 2293 153 2358 perii,
166 2292 306 2353 domumque
319 2292 394 2339 fratris
404 2293 521 2354 petiturus,
538 2291 647 2339 dlacessit.
680 2288 759 2350 Major

87 2359 125 2405 lrlc
140 2357 226 2404 clamor
236 2358 391 2404 obsidendum
403 2357 522 2420 perlatione
535 2357 636 2419 privatis,
653 2355 677 2401 in
689 2354 757 2401 Pala·

85 2423 146 2471 tium
157 2423 294 2470 uocantium.
326 2421 477 2470 Interclusum
495 2422 554 2468 alind
572 2423 620 2475 iter,
637 2420 705 2480 idque
720 2434 758 2465 eo·

85 2487 144 2542 lum,
160 2488 221 2548 quod
231 2488 255 2534 in
268 2489 359 2534 Sacram
376 2488 435 2534 viam
450 2492 562 2548 pergeret,
578 2486 681 2549 putebat:
702 2492 759 2538 tum,

82 2551 175 2600 consilii
186 2553 257 2616 inops,
274 2553 298 2599 in
310 2552 424 2602 Palatium
434 2551 512 2600 redut.

114 2615 211 2664 LXIX.
229 2618 385 2670 Praevenemt
403 2636 496 2676 rumor,
511 2617 602 2684 e'purar't
618 2613 651 2660 ub
666 2625 701 2658 ω
711 2607 799 2667 ’ΜΨ

71 2679 150 2732 ¹¹⁰³?
169 2683 349 2754 ”fimique
359 2688 469 2744 Flauius
480 2687 595 2741 Sabinus
609 2672 757 2730 consutum
769 2667 823 2704 W*
