1612 3150
183 52 260 72 ........
263 40 376 85 essemque
388 24 551 72 Viennensium
562 42 597 72 coi

22 93 93 143 tantis.
110 92 181 151 aequis
204 91 293 137 auribus
315 98 419 151 accepta:
439 91 527 151 publice
549 99 602 137 tam<

22 174 26 203 ι
45 157 141 210 multati,
158 156 249 217 privatis
268 162 291 201 et
310 155 442 215 promiscuis
461 157 530 217 copiis
543 154 606 218 juvei

22 237 58 268 sm.
93 222 138 268 Sed
153 221 213 267 fama
229 230 335 266 constans
351 218 400 274 fuit,
418 221 491 281 ipsum
504 220 608 267 Valente!

22 284 42 332 ui
60 283 154 348 pecunii
173 293 266 330 emtum.
299 283 324 329 Is
346 285 384 329 diu
407 285 515 340 sordidus,
533 295 612 347 repent

22 383 28 406 ,
45 351 190 397 mutationem
208 349 306 396 sortunae
329 349 387 395 msle
409 351 504 411 tegebat,
523 352 616 397 sccensii

22 424 59 463 ste
68 413 137 478 longi
147 415 285 476 cupidinibus
295 414 461 468 immoderatus,
478 423 508 469 et,
520 416 580 477 inopi
584 417 619 478 ju·

22 486 33 538 i,
50 492 120 528 senex
134 479 248 542 prodigus
282 478 357 525 Lento
375 479 455 526 deinde
470 480 567 541 agmine,
584 497 622 542 per

31 545 180 607 Allobrogum
191 551 216 591 et
225 543 391 591 Vocontiorum
402 544 483 590 ductus
494 546 619 594 exercitus:

24 611 125 658 itinerum
144 610 214 672 spotia
231 616 254 655 et
272 610 404 656 stativorum
419 610 555 656 mutationes
566 626 622 658 vcn-

29 691 42 722 e
59 676 122 725 duce.
139 674 206 721 loedis
216 674 355 736 pactionibus
365 673 472 720 adversus
483 690 623 751 possessores

32 756 63 787 im
73 746 97 786 et
107 741 251 800 magistratus
263 739 387 791 civitatum,
396 738 451 784 odeo
462 740 584 793 minaciter.
597 750 622 790 ut

35 806 189 870 'municipium
202 804 225 851 id
236 803 399 850 Vocontiorum
412 802 458 864 est)
470 804 531 852 iaces
542 806 620 853 admo·

37 850 108 918 lones
121 868 217 932 pecunii
231 869 377 946 mitigaretur.
411 868 508 924 Quoties
519 873 621 932 pecuniae

42 952 48 982 i
58 936 151 991 deesset,
169 935 251 996 stupris
261 941 284 981 et
292 933 405 981 adulteriis
416 936 555 982 exornbstur.
583 937 622 986 sis

45 1006 261 1125 lllerl’lilillillrlsedae
271 1079 299 1111 sc
310 1066 425 1126 sanguinis
437 1063 530 1114 Caecins
540 1066 620 1116 bausit.

52 1139 102 1177 rant
123 1130 235 1176 turbidum
257 1130 373 1192 ingenium
396 1129 505 1185 Helvetii,
531 1132 620 1180 Gallica

56 1196 94 1241 lim
114 1196 181 1241 armis
199 1195 303 1254 virisque,
320 1210 374 1241 mox
396 1193 505 1242 memorii
523 1197 620 1245 nominis

59 1260 146 1307 caede
164 1260 267 1307 Gslbae
261 1261 340 1322 ignari,
357 1267 381 1307 et
398 1259 507 1306 Vitellii'
501 1263 619 1323 imperium

63 1340 83 1371 s.
116 1323 209 1372 Initium
226 1325 285 1372 bcllo
303 1324 345 1371 iuit
362 1326 455 1372 avaritia
469 1342 495 1374 sc
506 1326 619 1374 festinatio

66 1406 135 1437 sunae
144 1391 255 1452 legionis
269 1398 387 1436 tonitam*
