1612 3150
25 61 85 93 sum:
101 46 183 99 Gallias
190 54 308 93 nutantes:
322 44 445 107 perdomita
452 43 574 98 Britannia,

26 127 41 157 n
52 111 133 157 missas
151 118 236 157 coonae
245 111 270 156 in
281 124 323 156 nos
336 108 487 155 Sarmatarum
499 124 526 155 ac
537 108 574 155 Su·

26 184 93 222 uates:
113 175 241 221 nobilitatus
259 175 356 221 cladibus
375 174 459 220 mutuis
475 172 562 219 Dacus.

26 241 67 286 iarn
78 255 147 302 prope
158 239 292 285 Parthorum
305 255 374 295 orma,
385 238 436 284 falsi
447 236 547 284 Neronia
561 236 574 282 lr

26 321 52 351 un
64 321 118 351 vero
133 303 198 350 ltalia
208 305 273 351 nous
283 304 388 357 cladibus,
400 303 437 349 vel
452 311 504 362 post
513 302 574 363 longi

26 370 101 416 lorum
113 370 191 415 sericm
201 368 307 429 repetitis,
316 367 404 413 afflicta.
437 365 534 412 Hanstae
545 381 573 412 au

26 452 30 480 ε
41 436 113 488 urbes,
124 433 282 479 secundissima
290 430 420 493 Campaniae
431 446 477 477 ora.
511 430 572 477 Urba

26 501 41 545 ia
60 504 153 553 vastata,
172 497 296 544 consumtis
314 495 473 557 antiquissimis
492 495 574 541 delubri

26 564 113 626 apitolio
124 563 205 609 civium
217 563 319 608 manibus
329 562 434 607 incenso:
453 560 546 620 pollutae
557 576 574 606 c:

26 644 55 675 ωε
75 642 158 689 magna
167 627 285 673 adulteria:
302 627 392 688 plenum
401 624 565 685 exsiliisrnare:

26 694 99 740 edibus
112 692 204 753 scopuli.
237 692 345 737 Atrociua
355 691 378 736 in
391 688 454 736 Urbc
465 692 574 736 saevitum.

26 758 80 812 litas,
92 772 152 819 opes,
165 757 241 803 omissi
251 756 354 817 gestique
364 755 461 800 honores
474 770 515 815 pro
526 755 574 800 crin

26 823 135 868 »virtutes
150 821 297 867 certissimum
313 819 413 865 exitium.
446 818 497 865 Nec
514 819 575 866 minu

26 889 46 933 ia
59 887 182 933 delatorum
192 886 272 939 invisa,
283 898 351 945 quam
362 883 458 940 scelera3
476 898 528 929 cum
539 884 574 929 alii

26 953 61 999 tia
76 959 101 997 et
115 949 251 1002 consulatus,
264 957 292 1011 pt
308 948 383 1010 spolia,
400 949 481 1009 adepti,
493 938 574 1009 procris

29 1018 68 1063 iet
77 1015 206 1061 interiorem
213 1014 343 1075 potentino,
349 1020 449 1075 agerent,
456 1020 570 1060 verterent

26 1082 52 1127 rio
66 1088 90 1127 at
104 1088 196 1126 terrore.
231 1076 337 1139 Corrupti
351 1079 374 1124 in
387 1078 489 1125 dominos
504 1079 569 1132 servi,

26 1162 78 1193 >nos
88 1145 175 1199 liberti;
192 1150 221 1196 et¹
232 1145 312 1202 quibus
323 1144 398 1189 deerat
408 1144 517 1195 inimicus,
525 1158 565 1203 por

26 1210 106 1274 pressi.
139 1208 195 1254 Non
209 1216 284 1253 tamen
301 1208 356 1255 adeo
372 1208 480 1254 virtutum
496 1207 571 1253 sterile

26 1292 53 1329 ns,
62 1283 87 1323 ut
98 1289 143 1320 non
153 1281 178 1319 et
187 1274 246 1319 bona
252 1272 355 1334 exempla
364 1272 491 1333 prodiderit.

32 1339 80 1387 111.
97 1338 218 1387 comitatu
237 1337 344 1399 profugos
361 1338 443 1384 liberos
460 1344 555 1383 matres:

27 1406 119 1430 ..luml-
128 1403 205 1430 „wilia
214 1404 332 1431 mni-mna·
347 1401 462 1430 nunninnni
472 1401 574 1430 nnubmtm
