1612 3150
385 19 390 25 .
398 16 405 25 ι
417 1 462 40 μά

143 67 207 91 „uox
224 47 325 106 quaedam
340 44 438 98 feminae,
456 46 529 90 studio
540 62 580 107 par

39 111 143 171 proeiium
155 126 289 171 progressae.
320 109 422 170 Tempus
433 126 521 170 quoque
533 127 586 156 mer·

24 175 81 220 iitcm
94 176 174 235 alioqui
187 177 304 229 coloniam,
317 178 425 235 majorum
438 191 505 236 opum
518 177 590 237 specie

24 248 51 287 »at
92 239 175 287 Caeteri
198 242 265 286 duces
288 243 310 286 in
333 243 439 287 obscuro:
465 240 592 287 Antonium

27 304 130 364 famaque
141 307 240 351 omnium
253 306 322 351 oculis
333 313 475 367 exposuerat.
509 304 533 352 Ia
543 306 592 352 bal·

24 370 112 416 >luendo
131 371 211 425 cruori,
228 387 321 432 propere
339 371 408 431 petit:
434 378 528 433 excepta
545 385 593 418 vox

24 450 40 481 n
55 441 153 497 teporem
170 436 288 490 incusaret,
306 436 381 481 statim
392 434 498 490 futurum,
516 442 542 482 ut
555 436 592 482 io-

24 507 70 548 επὶ.
94 497 188 547 Vernile
196 501 280 547 dictum
289 516 378 547 ornnem
389 500 495 547 invidiam
507 501 530 546 in
539 515 591 547 eum

28 579 129 626 umquam
142 566 232 628 signum
251 565 396 612 incendendae
413 563 535 614 Cremonae
550 566 590 614 dc·

33 646 68 676 uae
74 631 122 693 jam
134 629 249 691 flagrabat

36 693 83 741 111.
97 695 252 758 Quadraginta
262 704 397 743 armatorum
408 694 591 758 milliairrupirre,

39 760 178 822 lixarumque
190 763 404 824 ampliornumerus,
416 762 591 808 etiulibidinem

45 841 72 871 nn
80 827 212 887 corruptior.
235 826 290 874 Non
302 828 406 889 dignitas,
418 842 464 873 nou
475 835 530 874 actas
538 842 590 888 pro-

49 906 82 937 uo
100 891 174 938 minua
193 900 269 953 stupra
288 893 392 946 caedibus,
409 893 483 939 caedes
501 893 591 954 stupris,

53 971 78 1002 rr.
111 957 253 1004 Grandoevos
268 972 338 1011 renes,
357 955 436 1004 exacti
446 964 514 1004 aetate
524 957 590 1004 temt-

58 1021 87 1067 ad
97 1022 202 1083 praedam,
219 1023 242 1068 in
254 1022 371 1069 ludibrium
388 1023 511 1069 trahebant.
544 1019 591 1069 Ubi

62 1103 82 1140 o,
99 1096 137 1132 aut
154 1088 204 1148 quia
220 1085 293 1134 found
309 1088 452 1148 conspicuus,
469 1088 591 1143 incidisset,

66 1166 109 1210 que
124 1152 255 1213 rapientium
273 1153 381 1208 divulsus,
399 1154 458 1214 ipsos
475 1160 591 1215 postremo

72 1230 87 1262 n
100 1224 201 1264 mutuam
213 1219 332 1279 perniciem
346 1218 399 1250 ⁰¹⁰¹
417 1225 421 1232 ’
