1680 3298
54 131 75 170 J.
83 130 107 169 C.
115 133 148 175 70.
172 128 421 177 HISTORIARUM
433 129 538 176 Liran.
548 126 608 176 Car.
617 131 655 173 16.
673 129 720 174 159

56 271 150 304 numero
167 268 305 322 superantur.
338 260 398 306 Mox
417 261 510 306 occultis
528 259 612 305 nuntiis
628 257 721 319 pellexit

55 320 188 371 Britannica
204 325 293 380 auxilia,
315 322 452 371 Batavorum
471 326 581 377 cohortes,
597 324 677 368 missas
696 322 720 367 iu

56 386 209 443 Germaniam,
227 397 252 436 ut
267 404 335 451 supra
344 389 466 442 retulimus,
483 404 509 435 ac
520 397 567 435 turn
580 385 721 449 MagontIaci

101 460 158 498 ntes.
196 453 254 499 Erat
272 455 295 500 in
314 452 497 501 Canninefatibus
515 453 602 499 stolidae
621 451 720 499 audaciae

80 516 152 573 rinno,
168 517 269 565 claritate
276 518 487 579 nataliuminsigni:
505 518 633 579 paterejus,
649 515 721 561 multa

55 578 148 628 hostilia
162 597 236 637 ausus,
263 580 398 631 &mnarum
418 581 583 643 expeditionum
602 581 720 627 ludibrium

56 644 151 707 impune
168 655 288 709 spreverat.
320 645 395 708 Igitur
411 647 459 708 ipso
478 647 564 693 rebellis
575 645 667 692 familiae
679 659 720 690 no-

56 710 120 756 mine
138 710 227 772 placuit,
250 711 410 774 impositusque
429 719 499 766 scuto,
520 726 583 757 more
601 710 683 772 gentis,
699 715 723 755 et

57 774 217 823 sustinentium
229 777 327 823 humeris
339 777 444 831 vibratus,
460 777 507 822 dux
522 775 633 837 deligitur.
666 774 720 820 Sta·

57 836 145 899 timque
156 840 231 886 accitis
239 834 317 888 Frisiis
329 842 563 903 (trannhenanagena
571 837 616 899 est)
629 840 722 885 duarum

59 903 186 950 cohortium
206 906 302 960 hiberna,
325 905 426 968 proxima
445 918 560 967 occupatu,
581 904 672 951 Oceano
692 903 722 948 ir·

59 969 151 1031 rumpit.
178 968 229 1016 Nec
239 970 388 1033 praeviderant
397 971 504 1031 impetum
515 970 612 1017 bostium
624 969 705 1014 milites
715 983 722 1023 ;

58 1047 109 1089 nec,
127 1035 145 1081 si
156 1035 316 1096 praevidissent,
333 1042 386 1083 satis
400 1034 480 1082 virium
491 1035 520 1081 ad
530 1034 650 1081 arcendum
666 1040 723 1078 erat.

60 1094 135 1161 Capta
144 1099 213 1161 igitur
223 1107 247 1147 et
257 1100 342 1162 direpta
352 1106 438 1146 castra:
458 1101 509 1147 dein
527 1115 605 1160 vagos,
622 1105 645 1143 et
661 1098 722 1158 pacis

59 1162 129 1210 modo
146 1164 235 1220 effusos,
251 1166 309 1211 lixas
326 1165 520 1226 negotiatoresque
531 1163 648 1211 Romanos
658 1163 722 1208 inva-

59 1224 123 1275 dunt.
156 1228 228 1277 Simul
235 1230 340 1278 exscidiis
350 1229 491 1277 castellorum
503 1229 660 1283 inrmiuebaut;
673 1240 724 1287 quae

56 1308 73 1341 a
83 1294 195 1355 praefectis
204 1296 329 1343 cohortium
343 1295 435 1341 incensa
445 1301 504 1349 suut,
520 1294 572 1354 quia
583 1291 670 1338 defendi
681 1305 723 1337 ue·

59 1359 158 1419 quibant.
192 1360 263 1422 Signa
273 1359 405 1419 vexillaque,
421 1369 444 1405 et
455 1358 514 1420 quod
524 1359 627 1410 militurn,
643 1357 666 1401 in
685 1370 723 1402 su·

58 1424 170 1486 periorem
180 1425 261 1472 insulae
271 1432 357 1486 partem
369 1431 543 1487 congregantur,
554 1423 610 1469 duee
617 1420 724 1481 Aquillio,

60 1489 205 1550 primipilari3
229 1505 311 1537 nornen
333 1489 405 1550 magis
427 1489 545 1542 exerciths,
561 1501 628 1548 quam
651 1486 724 1532 robur.

61 1550 159 1616 Quippe,
175 1554 259 1601 viribus
269 1554 393 1601 cohortium
404 1555 510 1608 abductis,
522 1552 637 1607 Vitellius,
648 1567 661 1596 e
671 1565 724 1611 pro·

59 1617 129 1663 xlmis
149 1616 287 1665 Nerviorum
309 1618 519 1680 Germanorumque
536 1618 607 1680 pagis,
631 1629 724 1677 segnem

60 1695 181 1729 numerum
189 1684 257 1729 armis
267 1690 406 1730 oneraverat.

95 1744 167 1792 xvl.
185 1744 270 1802 Civilis,
293 1748 344 1794 dolo
362 1748 508 1810 grassandum
531 1754 599 1799 ratus,
615 1744 727 1791 incusavit

61 1808 124 1856 saltro
138 1810 262 1871 praefectos,
273 1813 335 1872 quod
344 1813 436 1860 castella
446 1813 601 1859 deseruissent.
633 1810 664 1856 Se
675 1824 726 1855 curn

61 1876 162 1929 cohorte,
180 1877 215 1922 cui
229 1886 331 1940 praeerat,
349 1876 519 1925 Canninefatem
531 1876 651 1922 tumultum
663 1889 725 1920 corn-

60 1954 204 2003 pressurum:
218 1941 249 1988 illi
258 1958 298 1990 sna
306 1942 399 2002 quisque
410 1943 500 1989 hiberna
511 1946 643 2001 repeterent.
668 1939 726 1984 Sub·

62 2020 114 2053 esse
129 2003 229 2053 fraudem
246 2008 345 2061 consilio,
363 2015 387 2053 et
403 2007 512 2069 dispersas
527 2007 630 2052 cohortes
641 2003 727 2049 facilius

61 2069 164 2132 opprimi,
182 2086 224 2118 nec
240 2071 380 2118 Brinnonem
397 2072 476 2117 ducem
492 2073 540 2134 ejus
556 2071 613 2119 belli,
632 2069 671 2115 sed
687 2066 727 2114 Ci-

60 2135 131 2183 vilem
147 2151 203 2190 esse
221 2137 308 2199 patuit;
327 2137 493 2198 erumpentibus
510 2134 615 2197 paulatim
633 2132 727 2186 iudiciis,

62 2214 116 2261 quae
135 2200 250 2256 Germani,
273 2201 327 2247 laeta
344 2201 403 2247 bello
421 2216 484 2263 gena,
507 2214 553 2247 non
572 2200 609 2245 diu
629 2196 728 2244 occulta·

62 2273 151 2327 psraut.
186 2264 232 2313 Ubi
248 2266 335 2313 insidiae
351 2280 430 2327 parum
448 2264 541 2319 cessere,
559 2264 586 2309 ad
598 2264 644 2309 vini
656 2272 729 2306 trans·

63 2344 163 2393 ςπεεευι,
196 2328 362 2386 Canninefates,
394 2329 486 2384 Frisios,
511 2327 611 2376 Batavos
635 2326 731 2388 propriis

63 2395 142 2455 cuneis
157 2396 279 2457 componit.
319 2394 414 2442 Directa
429 2410 458 2441 ex
475 2395 563 2440 diverso
581 2393 647 2445 acies,
671 2389 731 2436 baud

61 2458 142 2523 procul
152 2473 167 2506 a
176 2458 270 2507 flumine
283 2459 373 2515 Rheno,
390 2469 413 2508 et
428 2459 528 2506 obversis
542 2459 565 2503 in
581 2458 669 2502 hostem
688 2469 729 2500 na·

60 2525 135 2579 vibus,
147 2538 208 2585 quas,
225 2525 323 2572 incensis
333 2525 437 2579 castellis,
453 2524 506 2570 illue
522 2521 738 2584 appulerantxnee

62 2588 101 2635 diu
119 2596 210 2646 certato,
235 2589 384 2655 Tungrorum
402 2591 490 2639 cohors
510 2588 583 2653 dgna
599 2586 632 2633 ad
649 2581 763 2629 Cuiam

51 2652 183 2713 munh
196 2657 351 2723 perculsique
370 2658 464 2711 milities
479 2649 624 2723 tmproana
632 2642 784 2713 probis&
