1680 3298
202 39 264 60 ΜΙΙΜ
282 39 312 66 10,
333 39 429 74 γΙΗΙΚΙμι
448 39 544 61 flumamtq
562 40 643 55 §butum

202 76 330 131 Helvidius,
347 84 372 122 ut
390 75 525 135 Capitolium
543 73 629 134 publice

198 144 288 206 juvaret
300 141 456 202 Vespasianus.
472 138 530 184 Eam
542 137 647 183 sententia

202 208 295 269 quisque
313 206 407 258 silentio,
431 203 510 249 deinde
528 202 609 248 oblirio
627 208 647 247 tr

203 272 241 333 qui
253 279 276 318 ct
286 270 446 316 meminissent.

235 336 267 383 X.
279 334 339 381 Tum
350 335 452 379 invectus
462 340 497 378 est
507 330 629 377 Musonius
640 329 647 375 l

204 399 314 453 Celerem,
331 414 345 444 a
361 413 404 460 quo
423 396 519 443 Baream
534 396 644 442 Soranum

203 467 386 516 circumventum,
412 462 524 524 arguebat.
561 458 598 506 Et
615 474 646 519 cop

204 530 255 578 odia
272 528 435 575 accusationum
453 527 594 572 videbantur:
614 524 646 570 ser

203 610 255 641 reus
273 593 360 655 protegi
380 607 424 638 non
443 597 536 653 poterat.
577 587 646 649 Quipp

204 660 324 706 memoria:
345 655 411 706 Celer
426 655 539 717 professus
549 653 646 714 sapientia

205 724 307 777 Baream,
330 722 428 783 proditor
447 726 605 781 corruptorque
622 733 646 764 an

204 788 336 850 magistrum
346 786 437 833 ferebat.
461 784 581 831 Proximus
592 783 640 831 dies

205 853 257 900 Nec
274 861 319 899 tam
337 850 458 897 Musonius
474 857 514 895 aut
532 847 630 902 Publius,

206 917 329 964 Marcellus
341 916 466 975 caeterique,
484 913 551 960 motis
561 912 589 960 sd
600 911 646 959 ulti(

207 982 367 1045 spectabantur.

239 1045 285 1093 xl.
301 1046 352 1092 Tali
365 1060 437 1092 rerum
449 1052 514 1099 statu,
531 1060 582 1090 cum
595 1044 646 1090 disc«

205 1114 239 1159 ira
255 1113 314 1173 apud
330 1112 408 1162 victos,
426 1111 487 1157 nulla
503 1110 526 1155 in
542 1109 645 1156 victoribr

206 1178 277 1237 leges,
301 1192 346 1222 non
365 1177 469 1236 princeps
487 1175 511 1219 in
530 1174 620 1220 civitate
639 1189 645 1219 ι

209 1242 294 1288 Urbem
306 1243 425 1302 ingressus,
443 1248 522 1285 cuncta
533 1239 598 1283 sirmrl
609 1238 645 1283 ins

207 1307 278 1354 Primi
296 1305 390 1351 Antonii
407 1303 506 1364 Varique
525 1303 585 1348 Arrii
604 1310 643 1363 pot

207 1369 290 1418 mulati
301 1372 324 1415 in
335 1386 373 1416 eos
385 1369 486 1416 Muciani
498 1366 615 1420 iracundii,
632 1383 645 1426 q
