1680 3298
71 132 130 173 Lc.
140 137 174 180 'lo-
201 130 451 182 HISTORIARUM
464 131 516 178 Lns.
524 129 571 178 111.
582 129 688 180 Canss8.
706 132 742 176 ΙΨ.

73 267 100 307 et
111 263 138 308 ab
149 264 250 309 exercitu
261 264 370 309 vinetum.
387 262 442 309 Plus
454 263 513 325 apud
522 261 639 309 socordem
647 261 748 308 animum

74 327 161 382 laetitia,
173 344 240 388 quam
251 344 312 383 curs,
323 329 407 374 valuit:
422 327 494 375 multis
505 344 556 374 cum
565 327 716 374 exsultatione
724 326 748 372 in

76 391 166 439 Urbem
185 401 298 451 revectus,
313 393 424 454 frequenti
436 394 552 449 concione,
568 394 676 455 pietatem
687 392 748 438 mili·

75 464 126 503 tum
143 458 245 505 laudibus
262 459 371 506 cumulat.
404 457 431 505 P.
441 458 555 514 Sabinum,
572 458 671 521 pretorii
688 472 748 520 prae·

74 521 170 578 fectum,
192 525 222 571 ob
240 525 360 571 amicitiam
380 522 487 578 Caecinae,
510 524 590 571 vinciri
604 524 677 587 jubet,
694 522 748 570 sub-

76 588 157 635 stituto
169 589 278 636 inlocum
289 591 339 652 ejus
349 588 455 651 Alpheno
467 589 538 636 Varo.

110 652 250 700 XXXVIl.
266 653 327 701 Mox
337 664 448 710 senatum,
464 651 590 716 composita
604 653 628 700 in
642 650 748 716 magnili-

76 719 176 765 oentiam
194 720 302 775 oratione,
319 720 436 775 allocutus,
452 720 570 780 exquisitis
586 726 675 781 pstmm
693 718 748 764 adu·

76 783 198 831 lationibus
216 784 333 832 attollitur.
375 783 469 831 Initium
488 785 570 832 atrocis
588 785 612 830 ia
632 781 749 831 Caecinam

77 850 199 896 sententies
216 865 229 896 a
247 848 277 896 L.
285 849 379 897 Vitellio
395 850 495 898 factum:
515 850 567 897 dein
584 849 668 902 caeteri,
685 862 749 894 cons·

77 911 153 975 positia
171 915 331 977 indignatione,
347 916 409 977 quod
425 916 503 963 consul
521 914 686 978 rempublicam,
702 913 750 959 dux

77 979 243 1040 imperatorem,
260 982 329 1027 tantis
339 982 425 1044 opibus,
437 988 471 1029 tot
482 981 604 1027 honoribus
615 977 754 1033 cumulatus,

77 1045 176 1091 amicum
187 1045 327 1107 prodidisset,
344 1047 407 1093 velut
417 1063 459 1110 pro
470 1045 565 1092 Vitellio
579 1050 749 1105 conquerentes,

77 1124 145 1156 suum
157 1110 257 1157 dolorem
268 1111 416 1173 proferebant.
452 1110 522 1158 Nulla
530 1112 554 1157 in
562 1111 663 1157 oratione
674 1110 750 1173 cirjus·

75 1189 145 1236 quam
157 1190 212 1239 erga
224 1175 344 1224 Flavianos
355 1177 423 1224 duces
429 1177 574 1223 obtrectatio:
595 1190 693 1223 errorem
704 1175 748 1221 im·

77 1240 264 1303 prudentiamque
274 1243 413 1289 exercituum
424 1242 548 1303 culpantes,
565 1240 699 1303 Vespasiani
707 1254 749 1286 no·

77 1318 132 1352 men
143 1308 245 1369 suspensi
257 1314 281 1353 et
291 1308 406 1355 vitabundi
417 1308 570 1355 circumibant
604 1305 655 1353 Nec
672 1304 750 1360 defait,

78 1371 116 1432 qui
128 1386 198 1418 unum
207 1372 338 1419 consulatus
349 1374 408 1420 diem
421 1374 452 1436 (is
463 1373 523 1419 enim
532 1373 555 1419 in
564 1372 639 1418 locum
649 1369 750 1419 Cercinae

77 1435 205 1498 supererat)
223 1451 308 1500 magno
326 1453 377 1484 curn
395 1439 463 1484 irrisu
479 1438 598 1484 tribuentis
609 1436 750 1499 accipientis·

76 1516 129 1563 que,
146 1502 304 1550 eblandiretur.
339 1503 415 1551 Pridie
435 1502 487 1550 Kal.
505 1501 647 1549 Novembres
663 1501 749 1556 Rosius

78 1565 185 1629 Regulus
195 1568 252 1622 iniit,
268 1570 413 1631 ejuravitque.
447 1569 594 1615 Annotabant
604 1568 678 1630 periti,
691 1581 750 1612 nun·

78 1645 145 1691 quiam
164 1640 237 1686 antea,
254 1648 300 1680 non
320 1635 429 1696 abrogato
448 1635 588 1695 magistratu,
606 1647 679 1693 neque
698 1631 750 1693 lege

77 1695 132 1751 luta,
150 1697 217 1743 aliurn
229 1697 360 1745 suffectum:
380 1714 433 1745 nam
444 1699 524 1745 consul
541 1714 586 1745 uno
604 1697 640 1743 dic
656 1704 679 1743 et
696 1704 750 1743 ante

77 1760 152 1807 lucrat
170 1759 279 1810 Caninius
297 1762 398 1818 Rebilus,
417 1762 446 1812 C.
457 1762 549 1812 Caesare
564 1765 680 1817 dictatore,
697 1776 749 1808 cum

78 1825 131 1872 belli
142 1827 215 1872 civilis
242 1829 319 1875 raemia
329 1828 497 1876 festinareotur.

111 1842 264 1939 xxvail.
279 1892 343 1941 Nota
353 1910 394 1957 per
404 1910 443 1941 eos
460 1895 507 1940 dies
525 1893 589 1942 Junii
606 1893 677 1940 Blaesi
688 1906 750 1939 mors

78 1962 103 2003 et
119 1954 207 2003 famosa
221 1957 278 2005 fuit:
298 1960 326 2006 de
343 1958 388 2021 qui
405 1961 437 2006 sic
449 1960 582 2021 accepimus.
615 1959 687 2006 Gravi
699 1973 751 2003 cor·

77 2022 139 2085 poris
150 2023 229 2070 morbo
240 2038 303 2085 teger
314 2023 428 2080 Vitellius,
441 2025 572 2071 Servilianis
581 2024 658 2078 hortis,
670 2023 749 2069 turrim

75 2088 154 2134 vicino
165 2088 231 2135 sitam
242 2089 360 2144 collucere,
377 2105 418 2151 per
428 2097 525 2144 noctem,
537 2090 620 2137 crebris
630 2088 752 2135 luminibus

76 2153 244 2200 animadvertit.
285 2155 413 2202 Sciscitauti
432 2170 529 2209 causam,
553 2155 612 2216 apud
635 2151 751 2201 Caecinam

77 2216 182 2265 Tuscum
199 2218 283 2280 epulari
301 2220 392 2274 multos,
409 2222 547 2283 praecipuum
558 2222 644 2267 honore
655 2218 750 2267 Junium

77 2281 189 2338 Blaesum,
201 2285 330 2332 nuntiatur:
350 2293 433 2332 caetera
444 2286 467 2332 in
478 2287 558 2348 majus,
570 2286 598 2332 de
608 2293 716 2346 apparatu
727 2294 751 2328 et
798 2288 802 2293 '

78 2348 160 2397 solutis
176 2349 201 2396 in
216 2349 332 2397 lasciviam
344 2351 440 2397 animis:
458 2366 501 2397 aec
512 2348 610 2405 defuere,
628 2349 666 2410 qui
677 2349 751 2410 ipsum

77 2410 183 2461 'litscum
192 2421 215 2461 et
226 2414 289 2469 alios,
298 2415 338 2462 sed
346 2415 488 2462 criminosius
496 2415 606 2470 Blaesum,
614 2415 750 2466 incusarent,

80 2478 154 2591 m
164 2478 772 2611 nummu*

89 2608 122 2655 ¹¹3
134 2609 172 2667 ἢ»
189 2610 229 2673 ‘1¹¹1
247 2613 382 2681 principum
400 2613 506 2663 offensas
522 2613 612 2659 sciisset
627 2602 800 2670 ww*

94 2678 131 2723 ue
153 2674 184 2725 ι.
205 2676 310 2734 voela>
333 2683 472 2736 ausam
491 2685 589 2749 psu-
624 2656 823 2717 tisim*
