1612 3150
304 19 469 59 ⁴..summrquttss
486 13 597 59 Utrimque

20 80 86 124 iquos,
104 66 197 110 tributa:
217 62 428 125 ipsumqueltuliurn
440 71 463 108 ct
474 79 527 124 opes
540 63 608 109 Urbis

21 129 27 173 i
38 127 122 173 inferre
132 144 193 174 arma
204 129 262 174 ultro
274 129 352 184 velint,
369 129 423 173 duas
435 128 523 180 classes,
536 144 607 173 vacuu

20 192 127 253 Illyricum
139 208 205 238 mare.
239 194 365 246 Quiritum
384 192 480 237 claustra
497 193 606 239 montium

20 257 102 303 utura?
114 257 166 317 quid
178 265 271 303 tractim
284 259 305 302 in
315 263 416 302 aestatcm
429 257 494 302 ulium
504 257 604 302 bellum?

20 322 101 368 nterim
118 323 234 383 pecuniam
252 329 274 367 et
289 320 444 367 commentus?
478 321 540 375 Quin
557 322 617 384 potiu

21 403 59 448 pso
78 394 200 439 uterentur,
217 385 276 445 quod
296 385 433 431 Pannonicae
450 385 556 448 legiones,
574 387 619 432 dec·

23 451 90 513 ragis,
99 465 165 511 qusnr
176 451 250 504 viotae,
262 464 379 511 resurgere
389 450 411 496 in
425 451 531 496 ultionem
537 466 621 513 propes

26 515 104 562 loesici
122 515 234 562 exercitus
249 514 349 575 integras
367 515 425 559 vires
439 514 562 561 attulerint.
594 517 618 562 Si

28 582 85 626 ter'us
95 580 191 626 militurn
201 579 283 641 potius,
300 593 366 639 quani
377 578 499 640 legionum,
516 587 625 640 putetur,
624 618 627 641 1

30 646 63 691 inc
74 645 165 699 roboris,
183 644 237 690 nihil
248 643 377 690 libidinum.
397 650 421 689 et
431 644 541 705 proluisse
551 645 628 708 discipl

34 725 83 756 sum
100 709 217 771 pudorem.
249 707 345 769 Equites
360 723 415 755 vcro
426 717 513 755 netum
525 710 613 770 quidem
625 728 630 751 ι

36 790 61 831 s;
78 774 126 830 sed,
142 788 276 835 quamquam
296 774 361 819 rebus
377 773 483 828 adversis,
499 774 613 836 disjectam

36 809 65 885 liii
76 840 154 919 oqiem.
187 838 250 884 Duae
265 846 320 884 tunc
332 837 469 885 Pannonicae
480 852 506 884 ac
517 839 635 888 Moesicae

40 901 131 967 rrupere
152 905 254 950 hostem·
283 917 342 949 nunc
365 901 428 948 XVI
449 903 533 950 ulurum
556 907 637 968 conjuu

41 984 77 1028 rna
87 970 153 1031 pulsu
164 969 283 1029 sonituque
294 974 317 1012 et
328 967 401 1013 nube'
396 965 445 1029 ipstl
455 969 555 1030 operient
563 985 589 1016 sc
597 986 623 1017 su

42 1010 107 1080 ident
125 1033 206 1080 oblitos
223 1033 353 1095 proeliorum
370 1032 456 1092 equites
471 1047 591 1094 equosque.
624 987 642 1080 l

45 1098 63 1145 is
74 1099 162 1152 retinet,
173 1099 231 1144 idem
244 1113 321 1145 suasor
331 1104 453 1157 auctorque
464 1097 550 1144 consilii
557 1113 604 1145 ero.
619 1098 643 1145 V

48 1164 96 1209 ibus
113 1161 244 1209 fortunam
262 1163 352 1224 integro
371 1168 412 1214 est,
428 1161 529 1224 legiones
543 1165 646 1209 contines

51 1228 73 1272 hi
90 1227 259 1273 emflliteccl
