1612 3150
158 66 164 75 ι
198 52 250 76 Γ..
262 38 340 61 munes
351 33 363 60 e
375 17 479 60 convivio
486 15 564 76 jussit.

26 96 31 125 t
49 80 131 140 passim
149 80 299 139 magistratus,
317 79 420 141 proJ‘ectis
431 80 563 141 insignibus,

26 145 92 190 situm
104 151 127 190 et
138 159 253 189 servorum
265 142 398 204 frequentiis,
415 160 480 190 senes
498 144 563 190 lemi-

26 225 42 254 er
59 209 166 262 tenebras,
184 209 271 253 diverso
284 208 352 254 Urbis
366 210 451 263 itinera,
469 209 512 254 rari
524 209 564 254 do·

26 275 60 319 imi
72 274 194 319 amicorum
207 282 273 328 tecta,
291 283 319 326 et,
337 281 362 318 ut
373 274 452 334 cuique
463 273 564 321 humilli-

26 354 39 393 ι,
55 339 150 384 incertus
160 338 255 383 latebras
266 335 372 399 petivere.

26 400 68 448 [11.
83 402 184 449 Militum
207 403 303 464 impetus
322 418 351 448 ne
368 401 452 449 foribus
473 403 563 464 quidem

26 467 106 521 imitus,
123 468 253 529 quominus
267 468 396 513 convivium
407 468 563 529 irrumperent,

28 533 37 578 i
48 530 163 579 Othonem
174 533 354 594 expostulantes:
374 532 490 579 vulnerato
501 530 564 579 Julio

34 597 130 652 tribuno,
154 604 177 643 et
196 596 290 643 Vitellio
313 596 440 651 Saturnino,
456 595 564 658 praesecto

34 677 63 708 rm
75 663 190 708 ruentibus
201 662 319 708 obsistunt
354 661 460 722 Undique
471 676 532 708 orme
541 669 564 708 et

35 727 56 773 lo
75 727 98 772 in
118 727 260 774 centuriones
280 727 432 786 tribunosque,
450 727 517 772 modo
539 726 563 773 in

38 793 157 839 riversum:
176 791 297 853 lymphatis
307 806 368 838 caeco
379 807 461 852 pavore
475 791 563 847 animis,

41 858 124 903 minem
143 869 212 903 unum
228 856 338 902 destinare
355 856 395 902 irae
407 864 516 917 poterant,
533 857 561 902 li·

50 937 129 968 omnes
139 922 294 983 poscentibus:
315 922 386 967 donec
398 921 466 974 Otho,
484 928 563 968 contre

46 988 77 1042 rii,
94 994 143 1033 toro
162 988 274 1040 insistens,
290 986 392 1048 precibus
411 993 435 1032 et
456 986 562 1046 lucrymis

49 1053 81 1098 it:
101 1052 258 1112 redieruntque
274 1052 297 1096 in
315 1059 387 1097 castra
398 1051 470 1105 iuviti,
487 1066 560 1110 neque

65 1114 160 1163 Posteris
178 1117 220 1171 die,
238 1117 298 1162 velut
316 1113 381 1177 capti
393 1115 462 1170 Urbe
479 1115 561 1162 cluusae

54 1197 72 1228 ts
87 1197 128 1242 per
145 1182 194 1228 viss
210 1182 319 1243 populus;
336 1189 417 1226 moeste
428 1180 504 1243 plebs;
522 1181 561 1227 de·

57 1262 72 1292 n
83 1247 178 1292 militum
190 1246 271 1300 vultus,
283 1261 308 1292 nc
316 1245 367 1307 plus
378 1246 480 1293 tristitiae.
492 1260 560 1304 quum

59 1310 215 1372 Msnipulatim
227 1311 316 1356 allocuti
329 1318 382 1356 sunt
393 1309 494 1356 Licinius
502 1309 560 1356 Pro-

62 1377 105 1422 tius
125 1375 221 1429 Firmus,
238 1375 344 1437 praefecti.
361 1386 390 1420 ex
406 1391 447 1413 ann
