1680 3298
69 483 165 530 tectu·
188 488 234 529 'sn
251 481 304 530 Lus
312 478 346 529 V.
362 477 618 530 melonum.
693 480 748 528 m

73 606 211 675 superiorem
222 614 306 669 urbem,
323 612 414 660 nomine
425 611 488 668 Sion,
495 630 498 635 ¹
505 610 563 659 loeis
572 608 709 665 editioribus,
719 616 746 657 et

73 677 230 725 munitissimis
249 679 353 734 turribus,
373 677 495 725 defensam.
528 677 575 724 Sed
595 676 658 738 qussi
676 674 747 722 fanto

73 747 135 790 esset
152 742 313 805 Hierosolymo
328 744 441 790 intestinis
451 742 526 805 potius
536 742 659 795 discordiis,
675 754 744 801 quam

74 808 173 855 hostium
184 809 276 864 viribus,
316 809 366 863 rire,
378 822 408 855 ne
418 808 499 855 ultimo
509 807 598 868 quidem
615 805 746 853 discrimine

74 873 131 920 initu
141 875 268 928 concordia,
293 874 387 919 dumaeis
397 881 421 920 et
431 871 518 922 Judaeis
528 873 588 918 inter
598 887 623 918 se
634 870 748 918 dissiden-

74 938 141 984 tibus.
173 938 248 993 Titus,
264 937 332 984 insiti
347 935 473 992 clementii,
490 945 514 984 et
526 934 579 983 noti
590 937 671 983 dueum
688 943 745 990 erte

75 1002 208 1053 discordiam
228 1011 303 1066 suget,
324 1001 432 1050 Idumseis
450 1003 474 1049 in
493 1002 612 1049 deditionis
628 1015 690 1062 spem
707 1015 746 1047 re·

76 1076 184 1194 &gum
194 1133 226 1179 its
234 1131 349 1179 ferverent
355 1098 487 1181 Judseorum
498 1131 558 1187 odiu,
568 1130 746 1192 redintegratum

77 1197 196 1244 obsidium.
229 1197 339 1244 Amentes
349 1198 490 1244 obsessomm
508 1197 576 1243 duces
592 1195 689 1250 unicum,
705 1192 746 1241 sed

77 1261 258 1325 inexpugnabile,
267 1263 402 1324 presidium,
410 1270 483 1308 turres
490 1259 616 1307 indefensos
626 1260 746 1316 deserunt3

76 1341 173 1388 parsque
191 1327 252 1374 urlir
266 1327 412 1384 validissimo,
427 1340 456 1374 ne
472 1325 523 1373 fuso
535 1324 625 1387 quidem
640 1323 748 1371 Romano

78 1390 496 1518 lllltntltdltlxpll‘.
512 1391 608 1509 ‘llil‘
615 1390 750 1500 little-‘¹3‘

78 1521 142 1568 vium
159 1520 271 1569 furoribus
282 1530 347 1569 sntes
356 1521 453 1576 foedntae,
465 1521 531 1567 novis
542 1525 686 1566 cruententur
701 1532 749 1564 οω-

81 1586 158 1633 dibus:
178 1587 230 1633 dein
247 1601 325 1650 sparso
342 1585 460 1643 inoendiu;
477 1593 501 1632 et
521 1584 667 1632 sbominundn
689 1589 749 1651 teoto

79 1649 196 1698 abolevere
206 1651 312 1710 flammae,
324 1652 397 1698 noetis
407 1651 501 1698 obscuro
511 1649 644 1712 proevslidae.
666 1647 704 1694 sie
712 1661 749 1694 sr-

81 1715 185 1763 dentibds
209 1715 384 1778 Hierosolymis,
402 1714 477 1761 illuxit
490 1715 538 1761 dies
554 1714 653 1770 ultimus,
670 1718 749 1773 quarto

81 1778 163 1828 Nonus
174 1781 320 1843 Septembris.
352 1780 413 1828 Haeo
422 1780 468 1827 fotu
477 1777 623 1835 fuere-urbis,
635 1792 686 1839 quae
696 1790 749 1823 oum

81 1859 123 1906 per
150 1860 222 1892 annos
242 1846 278 1894 bis
300 1846 363 1892 mille
384 1852 475 1893 eentum
487 1870 489 1875 .
502 1844 643 1907 septuaginta
664 1848 750 1904 septem

82 1909 172 1956 summi
181 1924 221 1972 per
229 1910 346 1959 Orientem
358 1911 459 1957 oleritste
473 1911 577 1965 &esbum
589 1922 649 1954 nunc
660 1908 750 1955 bustum

117 2035 204 2101 [Titus
220 2039 280 2086 urbis
291 2039 367 2087 ruinss
377 2040 500 2101 ingressus,
516 2045 540 2085 et
556 2036 751 2099 inexpugnabilem

84 2103 181 2150 turrium
191 2104 238 2149 vim
249 2104 368 2159 sdmirnns,
384 2116 410 2151 se
428 2104 517 2165 quidem
535 2102 648 2149 exercitlls
664 2102 752 2157 ducem,

85 2168 164 2215 Deum
175 2174 250 2215 sutem
261 2170 363 2216 victorine
372 2176 485 2216 rumorem
501 2168 572 2215 fuisse
587 2167 701 2230 professus
712 2173 754 2213 est.

85 2232 182 2288 Milites,
200 2234 268 2282 coedis
284 2234 363 2290 sessos,
378 2234 447 2296 jussit
462 2234 578 2280 occidione
593 2233 712 2288 obstinere,
729 2230 754 2278 ni

83 2297 144 2345 sorte
154 2298 192 2358 qui
202 2299 276 2346 sdhuo
287 2300 430 2347 resisterentr
441 2299 525 2352 duces,
541 2300 565 2344 ln
580 2297 690 2344 cuniculis
702 2296 754 2342 lsti-

85 2370 167 2417 tsntee
186 2364 271 2425 quaeri:
292 2365 397 2425 juvenes,
411 2362 485 2410 donni
501 2371 525 2410 et
542 2363 675 2425 prooeritnte
694 2374 755 2423 prse-

86 2435 180 2483 stnntes,
192 2430 301 2476 reservari
311 2429 437 2490 triumpho:
456 2437 510 2474 natu
518 2430 614 2492 majores
625 2428 648 2472 in
661 2425 755 2487 AEgyp·

86 2499 136 2539 tum
148 2493 177 2539 sd
187 2495 278 2541 metullo
287 2494 354 2540 mitti.
386 2492 453 2541 Lecti
463 2492 656 2555 quoqneplurimi,
667 2492 707 2551 qui
716 2504 756 2552 per

87 2558 176 2605 tbestrs
187 2558 247 2607 ferro
257 2560 378 2620 bestiisque
388 2560 501 2621 perirent:
521 2558 619 2604 minores
628 2557 693 2603 annis
705 2570 755 2616 sep-

86 2624 207 2671 temdecim
225 2626 266 2672 sub
281 2622 365 2672 coronis
385 2624 522 2671 venumdati.
554 2622 679 2684 Vulgntum
698 2619 757 2681 opud

85 2687 182 2737 Judaeos
190 2689 214 2734 in
225 2690 267 2736 boc
278 2690 364 2736 obsidio
374 2697 440 2751 ospts
453 2687 523 2736 luisse
537 2688 662 2750 nonsgints
672 2693 758 2747 septem

88 2753 160 2800 millis
171 2755 301 2812 hominum
318 2755 425 2802 undecies
434 2762 529 2800 centens
539 2753 608 2799 millis
619 2751 758 2798 occubuisse.

89 2816 156 2865 Nihil
170 2826 245 2866 sutem
261 2821 322 2867 urbis
332 2819 420 2874 mansit,
436 2826 519 2880 preter
529 2825 575 2864 tres
585 2825 658 2865 turres
674 2816 698 2861 in
709 2814 757 2871 vio·

87 2885 154 2931 toriss
178 2886 340 2932 monimentum
365 2885 470 2933 relletss:
503 2883 574 2930 simul
593 2888 687 2928 serrsts
706 2893 766 2936 pm

85 2949 147 2995 torni
164 2951 319 3011 occidentalis,
338 2952 379 3002 cui
392 2948 534 3018 impositum
546 2946 707 3015 presidium
717 2948 780 2994 W·
