1680 3298
252 48 344 96 Invenit
350 49 418 95 etiam
427 25 606 96 aern¹uloainseiix
614 50 691 110 nequit

250 112 388 176 vigeatque?
416 112 449 159 Et
468 128 535 173 quem
553 114 626 163 annuo
644 130 694 174 quae

252 195 299 227 non
316 178 431 234 audemus,
448 180 577 239 praetorium
594 188 618 226 ot
634 194 695 227 nonu

251 243 321 291 mua?
339 243 378 289 An
390 242 506 289 Neronem
518 250 643 291 extremum
658 244 696 291 dor

252 308 318 356 Idem
333 306 476 361 crediderant,
493 308 531 368 qui
543 308 639 362 Tiberio,
657 309 695 369 qui

252 374 357 421 fuerunt:
377 386 429 419 cum
443 372 532 418 interim
543 372 689 420 intestabilior

254 445 307 487 eat.-
329 436 384 483 Non
395 436 500 482 timemus
509 436 686 499 Vespasianum:

255 518 283 550 oa
298 501 428 549 moderatio.
463 502 508 548 Sed
524 502 607 549 diutius
625 503 702 549 durant

253 583 336 615 mores.
368 565 527 626 Elanguimnu
542 574 617 628 patrea
627 582 703 615 comm

254 639 346 680 senatus
357 646 441 684 tumus,
458 631 502 690 qui,
520 632 594 678 occiso
606 630 704 687 Nerone,

255 699 338 745 nistros
348 710 412 743 more
422 697 530 757 majorum
542 696 665 757 puniendos
675 696 705 743 fla

255 770 297 816 ost,
313 770 365 822 post
376 761 459 807 malum
470 760 600 822 prinoipem,
617 761 665 807 diua
674 763 706 823 pri

289 823 387 873 XLIII.
404 823 480 871 Tnnto
497 840 548 870 cum
565 840 657 873 noaeusu
674 842 707 873 set

256 890 390 943 Montanus,
407 896 432 934 ut
451 904 513 949 spum
529 898 618 951 caperet
632 889 709 937 Helvii

256 954 393 1003 Marcellum
411 954 528 1014 prosterni.
567 953 641 1017 Igitur
656 971 671 1002 a
688 956 710 1003 lu

256 1035 328 1075 ortua,
345 1019 389 1079 qui,
405 1018 498 1080 perinde
512 1019 574 1066 diues
590 1026 613 1065 et
627 1020 712 1083 aloquei

255 1099 354 1145 unquam
372 1084 412 1130 sub
430 1082 524 1130 Nerone
537 1084 660 1145 periculum
679 1085 713 1132 Iar

256 1150 323 1197 simul
341 1149 488 1210 extemploque
505 1147 601 1210 Eprium
619 1152 712 1213 urgebat

256 1224 317 1263 trum
333 1215 420 1261 animis.
453 1214 522 1267 Quod
533 1214 568 1260 ubi
580 1217 650 1263 sensit
661 1215 714 1262 Mar

256 1278 414 1332 oodeusouriii,
432 1277 543 1333 “Imua,‘’
560 1279 638 1339 inquit,
656 1280 715 1327 “Pri

256 1360 309 1391 mus
319 1345 358 1390 tibi
370 1351 472 1390 senatum
487 1352 563 1390 tuum:
583 1360 659 1407 regna,
676 1361 715 1407 pra

258 1410 396 1438 mmmmm„
409 1408 460 1427 υϊ
503 1408 539 1420 ⁶·
