1680 3298
211 28 285 70 111ογΙὸ
301 33 329 55 bu
314 34 388 70 ιιῑῑιιυγ

210 75 306 134 butaque
315 75 396 121 Galliae
407 76 579 136 adspemantes,
596 49 721 127 Rbenua'
714 88 756 121 ane

211 140 269 185 coeio
281 140 386 192 siccitate,
395 140 435 185 rix
442 154 532 185 narrum
541 140 641 200 patierin
653 138 710 185 arcti
717 153 755 185 cor

212 204 326 264 dispositae
336 219 473 264 peromnem
483 205 553 264 ripam
561 204 677 259 stationes,
685 204 754 263 quoei

211 270 269 314 rado
280 276 393 315 arcerent:
409 266 530 327 eidemque
540 268 568 314 de
578 267 646 315 causi
656 266 753 313 minusb

211 334 292 394 piures,
309 334 347 392 qui
366 339 530 378 consumerent.
561 331 629 394 Apud
646 332 752 392 imperito:

212 400 262 443 ioco
273 398 418 459 accipiebatur
429 398 477 459 ipsa
486 411 592 456 aquarum
603 396 700 457 penuria,
711 403 751 443 tau

213 477 289 508 amnes
305 477 393 521 quoque
409 468 433 507 at
449 468 526 508 vetera
542 462 629 522 imperii
639 460 751 507 munimen

213 534 275 573 rent:
295 527 355 586 quod
366 527 388 572 in
400 541 454 588 pace
464 526 518 581 fors,
535 541 573 573 seu
592 532 677 579 natura,
694 532 748 571 tune

214 593 246 637 ira
255 590 307 645 Dei,
319 593 445 637 vocabatur.
463 589 576 653 Ingressis
587 589 713 637 Novesium
725 596 748 635 te

213 657 273 717 legio
284 657 434 718 conjungitur.
466 656 563 702 Additus
572 654 668 702 Voculae
678 655 701 701 in
712 670 748 715 par

214 737 263 766 rum
275 719 405 768 Herennius
417 720 504 775 Gallus,
520 722 621 783 legatus:
642 735 683 765 nec
693 719 741 765 ausi

213 801 314 848 pergere,
330 786 387 840 loco,
404 787 440 832 eui
452 786 555 835 Gelduba
565 800 648 833 nomen
659 791 700 838 est,
712 799 746 831 eas

212 850 247 897 Ibi
265 849 370 897 struendi
383 852 436 905 acie,
453 852 574 897 muniendo
584 849 739 910 vallandoque,

213 916 263 961 beili
273 915 441 969 meditamentis,
453 915 546 962 militem
557 915 680 962 finnabaat·
713 912 744 961 Ut

215 981 243 1027 ad
258 981 362 1026 virtutem
374 980 538 1034 accenderetur,
555 981 578 1026 in
589 980 703 1042 proximos
714 978 743 1025 Gr

213 1060 290 1106 pagos,
300 1045 336 1105 qui
346 1046 474 1091 societatem
484 1044 564 1093 Civilis
572 1052 709 1106 acceperant.
717 1044 743 1088 ab·

214 1109 264 1156 calci
271 1110 388 1155 exercitus.
416 1108 472 1156 Pars
481 1125 531 1156 cum
540 1109 658 1156 Herennio
667 1108 735 1155 Gallo

246 1172 357 1220 XXVII.
374 1173 443 1220 Forte
460 1190 547 1229 navem,
564 1175 623 1221 baud
637 1173 714 1236 procul
725 1187 741 1218 a

215 1247 290 1284 nrcnto
305 1254 403 1299 gravem,
421 1254 471 1284 cum
483 1254 522 1300 per
537 1240 593 1286 rada
604 1240 712 1292 haesisset,
731 1238 740 1283 (

215 1319 276 1349 suam
295 1305 364 1364 ripam
380 1305 501 1349 trahebant.
534 1303 588 1349 Non
606 1303 656 1349 tulit
668 1302 736 1349 Gallu

215 1369 312 1414 subsidio
323 1370 443 1415 cohortem.
461 1369 549 1414 Auctus
558 1376 580 1414 et
589 1368 738 1414 Germanorur
