1680 3298
92 160 114 198 J.
124 157 187 201 c.71.
219 150 464 201 HISTORIARUM
474 151 524 198 Lm.
533 149 576 198 IV.
590 149 694 200 Canw.
715 158 760 204 175

94 285 199 333 famosos.
218 285 357 332 Sariolenum
369 292 392 331 et
403 299 480 330 recens
492 284 575 330 crimen
588 285 687 344 urgebat,
699 286 759 344 quod

93 352 152 412 apud
171 350 290 396 Vitellium
310 349 400 395 molitus
419 351 495 395 eadem
513 348 585 394 foret:
612 363 653 395 nec
672 350 758 397 destitit

92 422 185 462 senatus
199 431 279 462 manus
295 416 405 460 intentare
416 412 518 468 Voculae,
535 414 606 460 donec
617 413 680 460 curii
690 428 758 461 exce·

91 480 161 527 deret.
178 479 216 527 Ad
228 478 330 526 Pactium
342 477 473 524 Africanum
485 479 625 540 transgressi,
636 493 687 525 eum
699 493 757 538 quo-

90 559 136 605 que
144 545 276 607 proturbant
282 560 291 601 ;
307 551 421 603 tamquam
432 542 519 589 Neroni
531 542 659 590 Scribonios
669 543 756 601 iratres,

91 607 211 656 concordii
226 609 349 670 opibusque
364 608 470 669 insignes,
486 607 515 654 ad
531 608 624 654 exitium
643 619 755 655 monstra·

90 674 169 720 visset.
201 672 322 719 Africanus
339 687 412 732 neque
427 671 492 718 fateri
510 671 608 726 audebat,
626 687 698 733 neque
715 674 754 719 ab·

91 752 161 784 nuere
170 743 271 798 poterat:
289 737 313 781 in
322 734 414 782 Vibium
426 734 537 797 Crispum,
555 737 618 797 cujus
629 736 754 799 interroga·

90 802 189 848 tionibus
204 799 343 862 fatigabatur,
360 800 419 846 ultro
434 815 561 854 conversus,
578 801 692 847 miscendo
703 816 755 862 quae
801 797 804 801 ’

91 865 211 912 defendere
227 866 336 926 nequibat,
353 865 459 910 societate
476 865 547 927 culpae
563 865 669 911 iuvidiam
684 865 753 912 decii·

92 931 161 976 navit.
313 975 317 983 ,

125 992 207 1041 XLII.
224 993 333 1056 Magnam
345 1009 372 1040 eo
383 994 419 1039 die
429 993 517 1055 pietatis
527 992 705 1054 eloquentiaeque
717 993 753 1042 ia·

90 1073 151 1106 mam
166 1057 288 1120 Vipstanus
305 1058 405 1105 Messala
416 1060 507 1119 adeptus
518 1065 559 1111 est,
576 1059 674 1105 nondum
686 1074 752 1106 sena·

89 1121 150 1170 toria
157 1130 230 1177 aetate,
241 1138 308 1170 ansus
318 1138 359 1185 pro
369 1121 443 1177 fratre,
456 1122 547 1183 Aquilio
558 1121 655 1184 Regulo,
672 1123 751 1185 depre-

89 1189 143 1236 cari.
159 1187 274 1250 Regulum
285 1188 391 1234 subversa
401 1185 534 1234 Crassorum
546 1194 569 1233 et
576 1186 663 1248 Orphiti
672 1188 753 1236 domus

89 1254 114 1300 in
132 1267 244 1300 summum
260 1253 336 1299 odium
351 1253 468 1298 extulerat.
502 1251 586 1313 Sponte
601 1266 629 1298 ex
642 1251 664 1297 S.
673 1249 700 1300 C.
713 1268 751 1299 ac·

88 1318 227 1365 cusationem
238 1317 419 1379 subissejnvenis
432 1317 557 1370 admodum,
575 1331 616 1362 nec
627 1317 752 1377 depeiiendi

88 1383 189 1445 periculi,
206 1382 278 1428 sedin
290 1396 351 1443 spem
367 1381 479 1443 potentia
496 1381 617 1427 videbatur.
649 1381 682 1426 Et
699 1381 751 1428 Sul·

87 1448 147 1510 picia
158 1446 301 1500 Praetextata,
319 1444 397 1493 Crassi
412 1460 475 1499 uxor,
492 1452 629 1506 quatuorque
645 1445 714 1500 liberi,
732 1447 751 1494 si

89 1517 238 1622 cplqnomemt
255 1518 351 1564 senatus,
368 1510 451 1557 ultores
467 1511 566 1586 aderant
600 1509 673 1621 Ippitur
684 1509 751 1622 Mphs·

88 1584 614 1700 insistittttnntiiiztt,titii
644 1590 752 1686 diis}

88 1705 146 1751 truci
158 1704 258 1751 oratione
269 1701 361 1750 Curtius
377 1703 509 1758 Montanus,
526 1720 553 1750 eo
565 1719 635 1764 usque
645 1720 751 1766 progres-

89 1784 135 1823 sus,
152 1778 184 1823 ut,
200 1775 252 1830 post
267 1768 352 1815 caedem
370 1768 457 1822 Geibae,
473 1769 546 1816 datam
561 1768 697 1815 interfectori
710 1769 750 1815 Pi·

89 1834 152 1881 sonis
167 1833 283 1895 pecuniam
301 1848 314 1879 a
331 1832 430 1894 Regulo,
445 1834 611 1894 appetitumque
621 1848 697 1880 morsu
710 1833 752 1880 Pi-

88 1898 150 1946 sonis
161 1905 233 1959 caput,
245 1898 370 1958 objectaret
388 1896 465 1944 “Hoc
476 1897 560 1953 certe,’'
573 1899 651 1959 inquit,
664 1905 677 1927 ‘⁴
685 1897 749 1946 Nero

89 1978 136 2010 non
153 1963 244 2024 coegit3
262 1977 302 2008 nec
318 1963 450 2024 dignitatem
461 1971 499 2008 aut
510 1963 603 2009 salutern
615 1962 653 2008 iiid
664 1963 751 2010 saevnit

88 2028 209 2075 redemisti.
242 2026 302 2073 Sane
311 2028 432 2074 toleremus
442 2028 536 2073 istorum
547 2027 694 2082 defensiones,
711 2028 750 2087 qui

87 2093 181 2155 perdere
192 2091 255 2148 aiios,
271 2106 339 2154 quam
349 2093 467 2153 periclitari
483 2092 531 2153 ipsi,
549 2092 681 2138 maluerunt.
713 2091 751 2138 Te

88 2172 192 2204 securum
203 2157 322 2217 reliquerat
332 2158 396 2203 exsui
406 2164 475 2217 pater,
492 2165 516 2202 et
530 2156 600 2202 divisa
609 2157 667 2202 inter
678 2157 750 2202 credi·

87 2229 148 2269 tores
167 2223 241 2278 bona;
263 2221 362 2267 nondum
380 2221 492 2266 honorum
511 2235 581 2281 capax
599 2229 669 2267 aetas:
695 2221 751 2267 nihil
821 2230 824 2237 '

87 2287 149 2346 quod
165 2301 195 2332 ex
212 2293 234 2332 te
251 2286 419 2347 concupisceret
430 2283 500 2339 Nero,
517 2286 572 2331 nihii
583 2285 642 2345 quod
653 2286 750 2332 timeret.

88 2349 192 2398 Libidine
200 2351 315 2412 sanguinis
329 2357 353 2396 et
363 2350 424 2396 hiatu
435 2350 584 2410 praemiorum,
596 2351 698 2411 ignotum
711 2350 752 2396 ad·

86 2417 130 2463 buc
142 2415 265 2476 ingenium,
277 2422 301 2461 ct
308 2413 546 2462 nuliisdeiensiouibur
554 2423 678 2477 expertum,
689 2415 752 2463 caede

87 2480 156 2528 nobiti
167 2481 278 2527 imbuisti:
293 2496 345 2527 cum
356 2495 386 2526 ex
394 2477 474 2526 funere
484 2480 610 2541 reipublicae
621 2480 689 2541 raptis
697 2494 752 2526 con⁴

86 2545 197 2593 sularibus
219 2545 303 2606 spoliis,
321 2545 450 2609 septuagies
471 2545 579 2592 sestertio
598 2544 732 2604 saginatus,
744 2546 775 2584 et.

79 2608 206 2657 meerdotio
221 2609 325 2674 fulgens,
342 2612 455 2662 innoxios
472 2625 572 2676 pueros,
582 2610 696 2657 'abusum
708 2609 797 2648 Μὶν

71 2672 209 2734 conspicans
226 2675 333 2731 seminas
348 2679 438 2734 eidem
452 2677 529 2732 amni
536 2680 735 2744 prostemmffl
751 2663 827 2711 Ψ*
