<?xml version="1.0" encoding="UTF-8"?>
<!DOCTYPE html PUBLIC "-//W3C//DTD XHTML 1.0 Transitional//EN"
    "http://www.w3.org/TR/xhtml1/DTD/xhtml1-transitional.dtd">
<html xmlns="http://www.w3.org/1999/xhtml" xml:lang="en" lang="en">
 <head>
  <title>
</title>
<meta http-equiv="Content-Type" content="text/html;charset=utf-8" />
  <meta name='ocr-system' content='tesseract 3.04.00' />
  <meta name='ocr-capabilities' content='ocr_page ocr_carea ocr_par ocr_line ocrx_word'/>
</head>
<body>
  <div class='ocr_page' id='page_1' title='image "./ccorneliitaciti02obergoog_0098.png"; bbox 0 0 1612 3150; ppageno 0'>
   <div class='ocr_carea' id='block_1_1' title="bbox 583 9 623 34">
    <p class='ocr_par' dir='ltr' id='par_1_1' title="bbox 583 9 623 34">
     <span class='ocr_line' id='line_1_1' title="bbox 583 9 623 34; baseline 0 -17"><span class='ocrx_word' id='word_1_1' title='bbox 583 9 623 34; x_wconf 47' lang='grc' dir='ltr'><strong><em>Γ...</em></strong></span> 
     </span>
    </p>
   </div>
   <div class='ocr_carea' id='block_1_2' title="bbox 43 58 631 421">
    <p class='ocr_par' dir='ltr' id='par_1_2' title="bbox 44 58 172 81">
     <span class='ocr_line' id='line_1_2' title="bbox 44 58 172 81; baseline 0.008 -1"><span class='ocrx_word' id='word_1_2' title='bbox 44 58 172 81; x_wconf 59' lang='lat' dir='ltr'><strong>...usuram-</strong></span> 
     </span>
    </p>

    <p class='ocr_par' dir='ltr' id='par_1_3' title="bbox 43 99 631 421">
     <span class='ocr_line' id='line_1_3' title="bbox 77 99 626 161; baseline 0.004 -17"><span class='ocrx_word' id='word_1_3' title='bbox 77 99 213 146; x_wconf 81' lang='lat' dir='ltr'><strong>LXXXII.</strong></span> <span class='ocrx_word' id='word_1_4' title='bbox 231 99 308 147; x_wconf 87' lang='lat' dir='ltr'><strong>Prima</strong></span> <span class='ocrx_word' id='word_1_5' title='bbox 323 101 447 155; x_wconf 78' lang='lat' dir='ltr'><strong>bellicum,</strong></span> <span class='ocrx_word' id='word_1_6' title='bbox 464 116 531 161; x_wconf 79' lang='lat' dir='ltr'><strong>agore</strong></span> <span class='ocrx_word' id='word_1_7' title='bbox 542 101 626 147; x_wconf 89' lang='lat' dir='ltr'><strong>dclcctu</strong></span> 
     </span>
     <span class='ocr_line' id='line_1_4' title="bbox 43 167 628 212; baseline 0 -1"><span class='ocrx_word' id='word_1_8' title='bbox 43 180 127 211; x_wconf 69' lang='lat' dir='ltr'><strong>vocare</strong></span> <span class='ocrx_word' id='word_1_9' title='bbox 139 176 269 212; x_wconf 79' lang='lat' dir='ltr'><strong>veteranos:</strong></span> <span class='ocrx_word' id='word_1_10' title='bbox 290 167 429 211; x_wconf 85' lang='lat' dir='ltr'><strong>destinantur</strong></span> <span class='ocrx_word' id='word_1_11' title='bbox 439 167 518 211; x_wconf 84' lang='lat' dir='ltr'><strong>validae</strong></span> <span class='ocrx_word' id='word_1_12' title='bbox 529 167 628 211; x_wconf 79' lang='lat' dir='ltr'><strong>civitates</strong></span> 
     </span>
     <span class='ocr_line' id='line_1_5' title="bbox 45 230 618 291; baseline -0.002 -15"><span class='ocrx_word' id='word_1_13' title='bbox 45 230 122 276; x_wconf 83' lang='lat' dir='ltr'><strong>condis</strong></span> <span class='ocrx_word' id='word_1_14' title='bbox 134 247 246 276; x_wconf 90' lang='lat' dir='ltr'><strong>armorum</strong></span> <span class='ocrx_word' id='word_1_15' title='bbox 258 231 364 276; x_wconf 87' lang='lat' dir='ltr'><strong>officinis:</strong></span> <span class='ocrx_word' id='word_1_16' title='bbox 384 231 442 291; x_wconf 87' lang='lat' dir='ltr'><strong>apud</strong></span> <span class='ocrx_word' id='word_1_17' title='bbox 453 231 618 277; x_wconf 86' lang='lat' dir='ltr'><strong>Antiochenses</strong></span> 
     </span>
     <span class='ocr_line' id='line_1_6' title="bbox 44 295 631 357; baseline -0.003 -16"><span class='ocrx_word' id='word_1_18' title='bbox 44 305 208 356; x_wconf 79' lang='lat' dir='ltr'><strong>argentumque</strong></span> <span class='ocrx_word' id='word_1_19' title='bbox 227 296 341 357; x_wconf 80' lang='lat' dir='ltr'><strong>signatur:</strong></span> <span class='ocrx_word' id='word_1_20' title='bbox 369 310 439 356; x_wconf 87' lang='lat' dir='ltr'><strong>eaque</strong></span> <span class='ocrx_word' id='word_1_21' title='bbox 457 304 539 342; x_wconf 88' lang='lat' dir='ltr'><strong>cuncta</strong></span> <span class='ocrx_word' id='word_1_22' title='bbox 556 310 597 357; x_wconf 89' lang='lat' dir='ltr'><strong>per</strong></span> <span class='ocrx_word' id='word_1_23' title='bbox 614 295 631 340; x_wconf 82' lang='lat' dir='ltr'><strong>ii</strong></span> 
     </span>
     <span class='ocr_line' id='line_1_7' title="bbox 43 359 618 421; baseline 0 -17"><span class='ocrx_word' id='word_1_24' title='bbox 43 360 166 412; x_wconf 87' lang='lat' dir='ltr'><strong>ministros,</strong></span> <span class='ocrx_word' id='word_1_25' title='bbox 190 361 235 406; x_wconf 89' lang='lat' dir='ltr'><strong>suis</strong></span> <span class='ocrx_word' id='word_1_26' title='bbox 254 375 349 421; x_wconf 82' lang='lat' dir='ltr'><strong>quaeque</strong></span> <span class='ocrx_word' id='word_1_27' title='bbox 366 360 429 415; x_wconf 85' lang='lat' dir='ltr'><strong>locis,</strong></span> <span class='ocrx_word' id='word_1_28' title='bbox 450 359 618 406; x_wconf 82' lang='lat' dir='ltr'><strong>festinabantur.</strong></span> 
     </span>
    </p>
   </div>
   <div class='ocr_carea' id='block_1_3' title="bbox 43 422 653 1261">
    <p class='ocr_par' dir='ltr' id='par_1_4' title="bbox 43 422 635 549">
     <span class='ocr_line' id='line_1_8' title="bbox 44 422 635 485; baseline -0.005 -16"><span class='ocrx_word' id='word_1_29' title='bbox 44 422 198 484; x_wconf 71' lang='lat' dir='ltr'><strong>Vespasianus</strong></span> <span class='ocrx_word' id='word_1_30' title='bbox 209 425 275 478; x_wconf 79' lang='lat' dir='ltr'><strong>adire,</strong></span> <span class='ocrx_word' id='word_1_31' title='bbox 292 424 382 478; x_wconf 88' lang='lat' dir='ltr'><strong>hortari,</strong></span> <span class='ocrx_word' id='word_1_32' title='bbox 399 424 469 471; x_wconf 89' lang='lat' dir='ltr'><strong>bonos</strong></span> <span class='ocrx_word' id='word_1_33' title='bbox 486 424 557 481; x_wconf 71' lang='lat' dir='ltr'><strong>laude,</strong></span> <span class='ocrx_word' id='word_1_34' title='bbox 574 439 635 485; x_wconf 69' lang='lat' dir='ltr'><strong>segur</strong></span> 
     </span>
     <span class='ocr_line' id='line_1_9' title="bbox 43 488 625 549; baseline -0.002 -15"><span class='ocrx_word' id='word_1_35' title='bbox 43 488 125 549; x_wconf 86' lang='lat' dir='ltr'><strong>emplo‚</strong></span> <span class='ocrx_word' id='word_1_36' title='bbox 142 489 235 535; x_wconf 88' lang='lat' dir='ltr'><strong>incitare</strong></span> <span class='ocrx_word' id='word_1_37' title='bbox 252 489 341 549; x_wconf 80' lang='lat' dir='ltr'><strong>sapius,</strong></span> <span class='ocrx_word' id='word_1_38' title='bbox 358 504 424 548; x_wconf 85' lang='lat' dir='ltr'><strong>quam</strong></span> <span class='ocrx_word' id='word_1_39' title='bbox 436 489 539 536; x_wconf 70' lang='lat' dir='ltr'><strong>coercere</strong></span> <span class='ocrx_word' id='word_1_40' title='bbox 545 505 558 546; x_wconf 88' lang='lat'><strong>;·</strong></span> <span class='ocrx_word' id='word_1_41' title='bbox 569 488 625 534; x_wconf 80' lang='lat' dir='ltr'><strong>vitia</strong></span> 
     </span>
    </p>

    <p class='ocr_par' dir='ltr' id='par_1_5' title="bbox 44 552 642 808">
     <span class='ocr_line' id='line_1_10' title="bbox 44 552 638 614; baseline -0.003 -14"><span class='ocrx_word' id='word_1_42' title='bbox 44 552 172 607; x_wconf 84' lang='lat' dir='ltr'><strong>amicorum,</strong></span> <span class='ocrx_word' id='word_1_43' title='bbox 189 569 256 614; x_wconf 90' lang='lat' dir='ltr'><strong>quam</strong></span> <span class='ocrx_word' id='word_1_44' title='bbox 267 554 362 599; x_wconf 79' lang='lat' dir='ltr'><strong>virtutes</strong></span> <span class='ocrx_word' id='word_1_45' title='bbox 373 553 522 600; x_wconf 81' lang='lat' dir='ltr'><strong>dissimulans.</strong></span> <span class='ocrx_word' id='word_1_46' title='bbox 552 552 638 600; x_wconf 85' lang='lat' dir='ltr'><strong>Multos</strong></span> 
     </span>
     <span class='ocr_line' id='line_1_11' title="bbox 45 616 640 680; baseline -0.002 -16"><span class='ocrx_word' id='word_1_47' title='bbox 45 616 135 665; x_wconf 83' lang='lat' dir='ltr'><strong>lecturis</strong></span> <span class='ocrx_word' id='word_1_48' title='bbox 159 626 181 664; x_wconf 88' lang='lat' dir='ltr'><strong>et</strong></span> <span class='ocrx_word' id='word_1_49' title='bbox 198 618 396 680; x_wconf 82' lang='lat' dir='ltr'><strong>procurationibus,</strong></span> <span class='ocrx_word' id='word_1_50' title='bbox 413 618 531 679; x_wconf 88' lang='lat' dir='ltr'><strong>plerosque</strong></span> <span class='ocrx_word' id='word_1_51' title='bbox 546 618 640 664; x_wconf 87' lang='lat' dir='ltr'><strong>senatori</strong></span> 
     </span>
     <span class='ocr_line' id='line_1_12' title="bbox 47 682 642 744; baseline 0 -16"><span class='ocrx_word' id='word_1_52' title='bbox 47 682 102 729; x_wconf 86' lang='lat' dir='ltr'><strong>linis</strong></span> <span class='ocrx_word' id='word_1_53' title='bbox 112 683 198 729; x_wconf 86' lang='lat' dir='ltr'><strong>honore</strong></span> <span class='ocrx_word' id='word_1_54' title='bbox 209 683 323 744; x_wconf 87' lang='lat' dir='ltr'><strong>percoluit,</strong></span> <span class='ocrx_word' id='word_1_55' title='bbox 341 683 445 743; x_wconf 84' lang='lat' dir='ltr'><strong>egregios</strong></span> <span class='ocrx_word' id='word_1_56' title='bbox 455 683 516 729; x_wconf 81' lang='lat' dir='ltr'><strong>viros</strong></span> <span class='ocrx_word' id='word_1_57' title='bbox 524 688 547 728; x_wconf 86' lang='lat' dir='ltr'><strong>el</strong></span> <span class='ocrx_word' id='word_1_58' title='bbox 555 696 609 728; x_wconf 89' lang='lat' dir='ltr'><strong>mox</strong></span> <span class='ocrx_word' id='word_1_59' title='bbox 619 697 642 728; x_wconf 81' lang='lat' dir='ltr'><strong>sn</strong></span> 
     </span>
     <span class='ocr_line' id='line_1_13' title="bbox 49 745 625 808; baseline 0.002 -16"><span class='ocrx_word' id='word_1_60' title='bbox 49 746 150 808; x_wconf 81' lang='lat' dir='ltr'><strong>ideptos;</strong></span> <span class='ocrx_word' id='word_1_61' title='bbox 162 748 294 808; x_wconf 83' lang='lat' dir='ltr'><strong>quibusdam</strong></span> <span class='ocrx_word' id='word_1_62' title='bbox 301 747 391 793; x_wconf 80' lang='lat' dir='ltr'><strong>fortuna</strong></span> <span class='ocrx_word' id='word_1_63' title='bbox 399 763 439 808; x_wconf 90' lang='lat' dir='ltr'><strong>pro</strong></span> <span class='ocrx_word' id='word_1_64' title='bbox 446 748 566 793; x_wconf 80' lang='lat' dir='ltr'><strong>virtutibus</strong></span> <span class='ocrx_word' id='word_1_65' title='bbox 576 745 625 793; x_wconf 81' lang='lat' dir='ltr'><strong>suit.</strong></span> 
     </span>
    </p>

    <p class='ocr_par' dir='ltr' id='par_1_6' title="bbox 51 809 648 1132">
     <span class='ocr_line' id='line_1_14' title="bbox 51 809 645 872; baseline -0.002 -15"><span class='ocrx_word' id='word_1_66' title='bbox 51 813 146 858; x_wconf 77' lang='lat' dir='ltr'><strong>sativum</strong></span> <span class='ocrx_word' id='word_1_67' title='bbox 161 812 225 858; x_wconf 90' lang='lat' dir='ltr'><strong>militi</strong></span> <span class='ocrx_word' id='word_1_68' title='bbox 237 827 309 872; x_wconf 86' lang='lat' dir='ltr'><strong>neque</strong></span> <span class='ocrx_word' id='word_1_69' title='bbox 320 811 441 858; x_wconf 85' lang='lat' dir='ltr'><strong>Mucianus</strong></span> <span class='ocrx_word' id='word_1_70' title='bbox 452 809 523 872; x_wconf 75' lang='lat' dir='ltr'><strong>primi</strong></span> <span class='ocrx_word' id='word_1_71' title='bbox 532 811 645 864; x_wconf 76' lang='lat' dir='ltr'><strong>concione¹</strong></span> 
     </span>
     <span class='ocr_line' id='line_1_15' title="bbox 53 874 647 938; baseline -0.002 -16"><span class='ocrx_word' id='word_1_72' title='bbox 53 875 138 929; x_wconf 74' lang='lat' dir='ltr'><strong>nonies,</strong></span> <span class='ocrx_word' id='word_1_73' title='bbox 154 877 295 933; x_wconf 58' lang='lat' dir='ltr'><strong>ostenderam</strong></span> <span class='ocrx_word' id='word_1_74' title='bbox 312 892 342 922; x_wconf 88' lang='lat' dir='ltr'><strong>ue</strong></span> <span class='ocrx_word' id='word_1_75' title='bbox 353 874 505 937; x_wconf 85' lang='lat' dir='ltr'><strong>Vespasianus</strong></span> <span class='ocrx_word' id='word_1_76' title='bbox 515 877 603 938; x_wconf 88' lang='lat' dir='ltr'><strong>quidem</strong></span> <span class='ocrx_word' id='word_1_77' title='bbox 615 876 647 937; x_wconf 83' lang='lat' dir='ltr'><strong>plu</strong></span> 
     </span>
     <span class='ocr_line' id='line_1_16' title="bbox 54 938 648 1003; baseline 0 -18"><span class='ocrx_word' id='word_1_78' title='bbox 54 940 84 986; x_wconf 76' lang='lat' dir='ltr'><strong>&#39;ili</strong></span> <span class='ocrx_word' id='word_1_79' title='bbox 99 940 158 987; x_wconf 86' lang='lat' dir='ltr'><strong>bello</strong></span> <span class='ocrx_word' id='word_1_80' title='bbox 173 941 259 996; x_wconf 75' lang='lat' dir='ltr'><strong>obtulit,</strong></span> <span class='ocrx_word' id='word_1_81' title='bbox 276 957 342 1002; x_wconf 90' lang='lat' dir='ltr'><strong>quam</strong></span> <span class='ocrx_word' id='word_1_82' title='bbox 354 941 390 987; x_wconf 89' lang='lat' dir='ltr'><strong>alii</strong></span> <span class='ocrx_word' id='word_1_83' title='bbox 406 942 429 986; x_wconf 93' lang='lat' dir='ltr'><strong>in</strong></span> <span class='ocrx_word' id='word_1_84' title='bbox 441 956 509 1003; x_wconf 88' lang='lat' dir='ltr'><strong>pace:</strong></span> <span class='ocrx_word' id='word_1_85' title='bbox 526 942 619 1003; x_wconf 82' lang='lat' dir='ltr'><strong>egregie</strong></span> <span class='ocrx_word' id='word_1_86' title='bbox 628 938 648 985; x_wconf 66' lang='lat' dir='ltr'><strong>fir</strong></span> 
     </span>
     <span class='ocr_line' id='line_1_17' title="bbox 59 1004 646 1068; baseline -0.002 -17"><span class='ocrx_word' id='word_1_87' title='bbox 59 1005 152 1052; x_wconf 78' lang='lat' dir='ltr'><strong>dvorsus</strong></span> <span class='ocrx_word' id='word_1_88' title='bbox 163 1004 280 1052; x_wconf 80' lang='lat' dir='ltr'><strong>militarem</strong></span> <span class='ocrx_word' id='word_1_89' title='bbox 295 1006 444 1068; x_wconf 82' lang='lat' dir='ltr'><strong>largitionem,</strong></span> <span class='ocrx_word' id='word_1_90' title='bbox 461 1021 533 1066; x_wconf 87' lang='lat' dir='ltr'><strong>eoque</strong></span> <span class='ocrx_word' id='word_1_91' title='bbox 549 1006 646 1052; x_wconf 83' lang='lat' dir='ltr'><strong>exercitu</strong></span> 
     </span>
     <span class='ocr_line' id='line_1_18' title="bbox 57 1069 635 1132; baseline -0.002 -16"><span class='ocrx_word' id='word_1_92' title='bbox 57 1070 108 1116; x_wconf 68' lang='lat' dir='ltr'><strong>lore.¹</strong></span> <span class='ocrx_word' id='word_1_93' title='bbox 140 1069 209 1116; x_wconf 86' lang='lat' dir='ltr'><strong>Missi</strong></span> <span class='ocrx_word' id='word_1_94' title='bbox 217 1071 244 1116; x_wconf 88' lang='lat' dir='ltr'><strong>ad</strong></span> <span class='ocrx_word' id='word_1_95' title='bbox 256 1069 363 1117; x_wconf 88' lang='lat' dir='ltr'><strong>Parthum</strong></span> <span class='ocrx_word' id='word_1_96' title='bbox 377 1070 553 1131; x_wconf 84' lang='lat' dir='ltr'><strong>Armeniumque</strong></span> <span class='ocrx_word' id='word_1_97' title='bbox 560 1070 635 1132; x_wconf 78' lang='lat' dir='ltr'><strong>legati,</strong></span> 
     </span>
    </p>

    <p class='ocr_par' dir='ltr' id='par_1_7' title="bbox 61 1134 653 1261">
     <span class='ocr_line' id='line_1_19' title="bbox 61 1134 653 1196; baseline -0.003 -16"><span class='ocrx_word' id='word_1_98' title='bbox 61 1135 170 1196; x_wconf 83' lang='lat' dir='ltr'><strong>isumque,</strong></span> <span class='ocrx_word' id='word_1_99' title='bbox 193 1150 228 1189; x_wconf 85' lang='lat' dir='ltr'><strong>ne,</strong></span> <span class='ocrx_word' id='word_1_100' title='bbox 254 1136 323 1181; x_wconf 89' lang='lat' dir='ltr'><strong>versis</strong></span> <span class='ocrx_word' id='word_1_101' title='bbox 342 1135 370 1181; x_wconf 90' lang='lat' dir='ltr'><strong>ad</strong></span> <span class='ocrx_word' id='word_1_102' title='bbox 388 1136 453 1181; x_wconf 86' lang='lat' dir='ltr'><strong>civile</strong></span> <span class='ocrx_word' id='word_1_103' title='bbox 471 1135 552 1181; x_wconf 91' lang='lat' dir='ltr'><strong>bellum</strong></span> <span class='ocrx_word' id='word_1_104' title='bbox 574 1134 653 1196; x_wconf 78' lang='lat' dir='ltr'><strong>legion:</strong></span> 
     </span>
     <span class='ocr_line' id='line_1_20' title="bbox 61 1196 643 1261; baseline -0.019 -17"><span class='ocrx_word' id='word_1_105' title='bbox 61 1214 110 1261; x_wconf 62' lang='lat' dir='ltr'><strong>erga</strong></span> <span class='ocrx_word' id='word_1_106' title='bbox 129 1199 271 1246; x_wconf 72' lang='lat' dir='ltr'><strong>nudarentur.</strong></span> <span class='ocrx_word' id='word_1_107' title='bbox 304 1199 380 1245; x_wconf 81' lang='lat' dir='ltr'><strong>&#39;litum</strong></span> <span class='ocrx_word' id='word_1_108' title='bbox 401 1201 483 1238; x_wconf 60' lang='lat' dir='ltr'><strong>iusim</strong></span> <span class='ocrx_word' id='word_1_109' title='bbox 504 1199 584 1228; x_wconf 50' lang='lat'><strong>1⁰³*-</strong></span> <span class='ocrx_word' id='word_1_110' title='bbox 618 1196 643 1215; x_wconf 79' lang='grc'>”</span> 
     </span>
    </p>
   </div>
   <div class='ocr_carea' id='block_1_4' title="bbox 0 0 831 3150">
    <p class='ocr_par' dir='ltr' id='par_1_8' title="bbox 0 0 831 3150">
     <span class='ocr_line' id='line_1_21' title="bbox 0 0 831 3150; baseline 0 0"><span class='ocrx_word' id='word_1_111' title='bbox 0 0 831 3150; x_wconf 95' lang='lat' dir='ltr'><strong> </strong></span> 
     </span>
    </p>
   </div>
  </div>
 </body>
</html>
