1680 3298
55 131 76 171 J.
86 131 110 169 c.
120 134 155 176 70.
179 125 428 176 HISTORIARUM
440 125 493 175 Lm.
502 125 550 175 ΙΙΙ.
561 125 620 178 Cur.
629 129 667 177 71.
687 133 731 176 141

57 273 124 319 quam
144 260 286 306 Aventinum
303 267 326 305 et
343 268 436 321 penates
455 260 531 306 uxoris
550 257 660 321 petisset?
694 257 732 306 Ita

57 324 153 385 privato,
171 333 194 372 et
205 340 295 372 omnem
306 325 444 386 principatds
455 326 552 386 speciem
568 326 656 379 vitanti,
673 340 730 371 con·

56 389 155 437 venisse.
189 388 282 445 Contra,
303 390 421 436 Vitellium
442 390 465 435 in
486 390 604 444 Palatium,
623 390 647 436 in
657 391 730 452 ipsam

58 453 145 516 imperii
167 470 242 502 arcem
266 470 407 518 regressum:
434 455 487 502 inde
511 464 622 502 armatum
644 470 729 517 agmen

56 520 181 566 emissum:
196 527 287 567 stratam
294 521 448 567 innocentium
456 521 555 567 caedibus
562 521 730 567 celeberrimam

59 582 130 630 Urbis
147 593 234 647 partem
242 603 248 632 ι
256 620 260 628 ,
268 601 297 632 ne
309 583 422 647 Capitolio
433 585 522 646 quidem
534 586 648 632 abstineri.
670 584 730 633 >To·

56 655 138 710 gatum
149 665 230 712 nempe
242 665 273 706 se,
290 658 314 697 et
331 666 401 698 unum
412 665 426 695 e
437 650 583 704 senatoribus,
600 651 654 697 dum
663 651 730 698 inter

58 712 225 775 Vespasianum
237 731 267 762 ac,
275 715 392 762 Vitellium
404 716 489 776 proeliis
500 716 623 776 legionum,
635 716 730 778 captivi-

57 779 142 826 tatibus
153 781 246 835 urbium,
259 781 407 827 deditionibus
415 781 540 827 cohortium
547 781 667 843 judicatur,
672 782 729 841 J'am,

60 842 181 905 Hispaniis
190 845 364 906 Germaniisque
374 854 398 891 et
414 843 532 892 Britannici
548 846 729 900 desciscentibus,

58 907 152 955 fratrem
169 908 302 972 Vespasiani
317 911 427 956 mansisse
441 911 465 956 in
480 911 529 964 fide,
546 910 618 957 donec
631 911 690 956 ultro
701 909 730 957 ad

58 974 200 1022 conditiones
212 983 336 1022 vocaretur.
370 974 453 1022 Pacem
470 983 493 1022 et
510 976 653 1021 concordiam
664 976 731 1023 victis

58 1038 138 1097 utilia3
156 1040 278 1088 victoribus
294 1047 383 1087 tantum
399 1042 492 1103 pulchra
502 1055 558 1087 esse.
593 1041 729 1087 Siconveu·

59 1104 129 1152 tionis
151 1106 266 1167 poeniteat,
290 1122 337 1152 uon
360 1121 391 1161 se,
410 1119 477 1166 quem
495 1103 587 1166 perfidiis
609 1105 729 1167 deceperit,

59 1168 120 1216 ferro
136 1179 229 1232 peteret,
246 1186 293 1218 non
309 1171 379 1217 lilium
397 1169 538 1233 Vespasiani,
556 1171 595 1216 vix
606 1167 727 1232 puberems

58 1242 175 1296 quantum,
193 1237 274 1284 occisis
291 1252 336 1282 uno
354 1251 409 1283 sene
426 1244 449 1283 et
466 1251 512 1282 uno
525 1237 617 1297 juvene,
634 1234 730 1296 profici?

59 1301 103 1346 iret
122 1301 211 1347 obviam
230 1302 369 1364 legionibus:
393 1311 417 1348 et
435 1302 463 1348 de
482 1299 572 1347 summi
590 1315 663 1346 rerum
684 1300 730 1348 illic

58 1372 168 1417 certaret:
183 1374 273 1421 ,caetera
288 1368 410 1413 secundum
429 1375 534 1412 eventum
548 1366 622 1428 proelii
633 1380 731 1413 cessura.

58 1428 171 1492 Trepidus
187 1433 215 1478 ad
232 1434 280 1478 haec
292 1431 398 1478 Vitellius
415 1447 486 1493 pauca
495 1431 605 1493 purgandi
617 1431 652 1476 sui
663 1429 732 1480 causi

59 1497 181 1558 respondit,
199 1497 287 1559 culpam
299 1498 322 1543 in
333 1497 428 1543 militem
439 1496 564 1550 conferens,
582 1497 645 1558 cujus
659 1496 730 1550 nimio

61 1561 135 1607 ardori
151 1563 259 1624 imparem
271 1577 325 1610 esse,
338 1564 470 1609 modestiam
490 1577 561 1609 sunm.
594 1561 627 1606 Et
642 1559 730 1608 monuit

60 1625 199 1680 Martialem,
217 1635 242 1674 ut
258 1643 299 1688 per
316 1636 426 1674 secretam
444 1628 525 1674 aedium
542 1633 629 1688 partem
643 1626 731 1673 occulte

60 1692 138 1744 abiret,
155 1707 184 1737 ne
196 1707 209 1738 a
219 1693 326 1740 militibus
336 1694 488 1739 internuntius
498 1693 578 1738 invisae
589 1693 651 1753 pacis
658 1692 730 1738 inter·

59 1755 178 1802 ficeretur:
198 1752 246 1818 ipse
263 1773 336 1818 neque
348 1758 441 1821 jubendi
458 1773 532 1818 neque
542 1757 632 1803 vetandi
643 1764 729 1818 potens,

33 1870 35 1875 ,
60 1820 162 1880 noujnm
174 1822 301 1884 imperator,
313 1824 353 1869 sed
364 1831 451 1869 tantum
461 1823 514 1869 belli
525 1837 598 1876 causa,
610 1829 666 1868 erat.

95 1883 192 1932 LXXI.
209 1887 257 1933 Vix
274 1888 327 1934 dum
345 1903 448 1950 regresso
465 1889 489 1934 in
506 1886 643 1948 Capitolium
664 1885 730 1934 Mar·

59 1951 120 2005 tiele,
138 1950 215 1998 furens
232 1953 297 1999 miles
314 1954 396 2007 aderat,
413 1953 475 2000 nullo
492 1953 562 1998 duce:
583 1953 624 1998 sibi
635 1952 731 2012 quisque

58 2024 151 2064 auctor:
166 2017 211 2063 cito
222 2019 312 2080 agmine
323 2018 396 2065 forum
406 2025 429 2064 et
435 2019 575 2064 imminentia
585 2017 635 2063 foro
646 2017 731 2078 templa

59 2084 203 2146 praetervecti
214 2084 305 2145 erigunt
315 2085 385 2129 aciem
397 2098 437 2145 per
453 2084 571 2129 adversum
586 2082 674 2136 collem,
692 2097 731 2129 us·

59 2163 106 2209 que
123 2147 151 2194 ad
168 2148 251 2209 primas
270 2146 404 2210 Capitolinae
419 2149 475 2194 arcis
487 2148 553 2194 fores.
586 2147 660 2194 Erant
671 2148 731 2193 anti·

61 2213 138 2274 quitus
152 2213 251 2274 porticus
266 2215 289 2259 in
303 2214 373 2260 latere
390 2213 449 2266 clivi,
467 2214 554 2259 dextre
568 2212 713 2259 subeuntibus
721 2227 731 2270 ;

59 2279 85 2325 in
96 2292 191 2338 quarum
202 2285 287 2325 tectum
299 2279 384 2340 egressi
396 2278 456 2326 saxis
463 2279 591 2339 tegulisque
597 2276 733 2324 Vitellianos

61 2342 192 2391 obruebant.
225 2342 309 2403 Neque
319 2343 364 2390 illis
374 2358 460 2398 manus,
473 2343 515 2389 nisi
523 2343 610 2404 gladiis,
622 2349 730 2390 armatae:

59 2415 84 2455 et
95 2423 209 2454 arcessere
220 2413 338 2462 tormenta,
351 2415 390 2454 aut
400 2408 493 2454 missilia
503 2409 555 2463 tela,
563 2407 658 2469 longum
669 2408 733 2454 vide·

60 2474 141 2520 batur:
167 2472 229 2519 faces
247 2473 271 2518 in
291 2473 455 2535 prominentem
474 2474 585 2535 porticum
601 2469 692 2535 jecbre3
710 2480 734 2519 et

60 2539 212 2599 sequebantur
227 2539 322 2600 ignem3
340 2538 498 2599 ambustasque
505 2535 613 2598 Capitolii
622 2537 736 2595 {crespe-

58 2601 194 2661 netrdasent,
212 2604 236 2652 ui
256 2603 356 2655 Sabinus
366 2603 473 2656 reuulsae
482 2604 702 2666 undiquestatws
713 2599 758 2650 bb
